2052 3342
395 185 476 226 208
1060 182 1260 208 AUGUSTINI

395 287 488 328 dem
511 287 643 339 gentis
666 286 877 336 adversae,
899 289 940 325 et
962 298 1034 340 per
1055 284 1161 326 hanc
1185 285 1422 326 illecebram
1444 290 1649 328 commota
1669 299 1811 327 eorum
1833 299 1931 328 con-

395 355 649 410 cupiscentia
680 355 805 405 fugiat
835 352 884 393 de
913 352 995 393 illis
1025 353 1164 394 lumen
1205 354 1312 407 quod
1340 353 1539 394 membris
1568 356 1654 395 suis
1682 354 1933 409 permixtum

395 424 606 473 tenebant,
629 426 669 462 et
691 421 950 476 purgandum
973 422 1221 476 suscipiatur
1242 422 1292 462 ab
1315 421 1471 475 angelis
1495 422 1611 475 lucis,
1632 427 1933 477 purgatumque

393 491 474 531 illis
498 491 672 531 navibus
696 490 929 544 imponatur
951 490 1001 531 ad
1025 503 1150 543 regna
1172 490 1336 545 propria
1357 489 1661 544 reportandum.
1706 491 1793 540 Qua
1813 505 1932 532 occa-

394 559 524 606 sione,
540 558 605 599 vel
624 559 760 613 potius
779 558 1044 599 exsecrabilis
1062 560 1368 613 superstitionis
1387 558 1565 611 quadam
1582 561 1846 611 necessitate,
1865 573 1931 601 co-

393 632 543 679 guntur
575 627 694 668 electi
728 640 864 667 eorum
898 626 1009 667 velut
1040 627 1330 667 eucharistiam
1362 639 1628 681 conspersam
1660 641 1754 668 cum
1775 628 1933 668 semine

394 696 572 737 humano
597 709 772 747 sumere,
794 700 839 735 ut
861 697 984 735 etiam
1008 696 1124 748 inde,
1146 697 1251 736 sicut
1275 695 1324 735 de
1347 694 1438 735 aliis
1462 695 1565 736 cibis
1587 708 1688 748 quos
1710 697 1934 751 accipiunt,

393 765 627 805 substantia
648 764 718 804 illa
741 764 881 804 divina
904 768 1109 818 purgetur.
1154 763 1235 804 Sed
1259 763 1333 804 hoc
1357 777 1400 804 se
1422 764 1558 804 facere
1580 767 1747 817 negant,
1770 768 1811 804 et
1831 763 1932 804 alios

392 833 530 874 nescio
563 847 663 886 quos
693 832 768 873 sub
799 832 964 873 nomine
987 832 1321 873 Manichaeorum
1344 833 1478 872 facere
1501 831 1720 872 affirmant.
1770 831 1933 873 Detecti

393 906 489 942 sunt
510 905 649 941 tamen
672 901 713 941 in
738 900 934 953 ecclesia,
961 901 1070 941 sicut.
1096 900 1176 941 scis
1206 900 1338 955 4apud
1368 900 1681 953 Carthaginem,
1708 902 1793 940 iam
1813 904 1854 940 te
1875 900 1935 941 ibi

393 970 566 1011 diacono
591 971 835 1021 constituto,
858 969 1020 1022 quando
1043 969 1224 1009 instante
1246 968 1350 1009 Prso
1373 969 1560 1021 tribuno,
1583 970 1652 1022 qui
1673 973 1772 1009 tunc
1795 968 1934 1010 domui

391 1040 525 1087 regiae
549 1038 745 1092 praefuit,
768 1037 894 1091 aliqui
918 1037 1084 1078 adducti
1107 1042 1214 1077 sunt.
1266 1036 1346 1077 L'bi
1369 1037 1505 1091 puella
1527 1037 1693 1078 nomine
1714 1037 1935 1090 Margarita

390 1107 512 1147 istam
535 1107 735 1146 nefariam
768 1106 1067 1161 turpitudinem
1099 1105 1297 1160 prodidit,
1330 1119 1433 1159 quae
1466 1119 1560 1146 cum
1591 1108 1702 1146 esset
1731 1118 1933 1146 annorum

391 1176 575 1225 nondum
605 1175 841 1226 duodecim,
872 1179 1037 1228 propter
1066 1173 1143 1214 hoc-
1173 1173 1395 1214 scelestum
1423 1175 1668 1228 mysterium
1696 1187 1739 1214 se
1769 1173 1933 1215 dicebat

392 1258 480 1285 esse
504 1245 517 1266 ⁵
528 1244 724 1284 vitiatam.
779 1242 894 1283 Tunc
916 1242 1138 1283 Eusebi-am
1161 1241 1368 1295 quandam
1390 1242 1675 1283 Manichaeam
1697 1243 1814 1296 quasi
1835 1255 1931 1283 san—

391 1312 683 1363 ctimonialem,
706 1311 883 1365 idipsum
901 1314 1069 1365 propter
1085 1310 1160 1351 hoc
1178 1312 1313 1365 ipsum
1330 1324 1510 1365 passam,
1531 1312 1600 1351 vix
1617 1310 1816 1365 compulit
1833 1323 1925 1352 con-

391 1382 510 1433 fiteri,
534 1395 627 1421 cum
650 1381 780 1435 primo
804 1379 875 1419 illa
897 1393 939 1419 se
962 1380 1209 1419 asseruisset
1230 1380 1454 1432 integram,
1482 1383 1605 1433 atque
1635 1379 1686 1420 ab
1709 1379 1932 1420 obstetrice

391 1450 539 1505 inspici
561 1448 832 1504 postulasset:
857 1461 960 1501 quae
983 1449 1170 1502 inspecta
1193 1451 1233 1487 ct
1254 1447 1353 1500 quid
1371 1451 1480 1488 esset
1496 1449 1667 1488 inventa
1682 1451 1814 1488 totum
1830 1446 1934 1488 illud

388 1519 673 1573 turpissimum
703 1516 858 1568 scelus,
885 1516 956 1557 ubi
986 1516 1037 1557 ad
1067 1515 1356 1570 excipiendum
1386 1520 1426 1556 et
1455 1516 1808 1557 commiscendum
1835 1529 1931 1557 con-

391 1587 672 1629 cumbentium
697 1599 836 1625 semen
862 1585 993 1625 farina
1016 1584 1313 1637 substernitur,
1343 1584 1450 1638 quod
1472 1584 1695 1638 Margarita
1720 1584 1932 1626 indicante

389 1656 540 1697 absens
562 1669 644 1696 11011
667 1654 866 1705 audierat,
888 1653 1078 1694 similiter
1100 1653 1309 1695 indicavit.
1360 1652 1410 1694 Et
1430 1654 1593 1694 recenti
1619 1657 1805 1708 tempore
1826 1667 1930 1695 non-

389 1724 490 1766 nulli
514 1738 655 1765 eorum
677 1724 826 1777 reperti
859 1726 899 1762 et
927 1722 979 1762 ad
1001 1722 1217 1763 ecclesiam
1243 1722 1374 1774 ducti,
1403 1723 1511 1763 sicut
1538 1725 1654 1775 gesta
1681 1721 1932 1777 episcopalia

392 1807 494 1847 quae
517 1792 636 1833 nobis
657 1792 808 1832 misisti
832 1791 1076 1843 ostendunt,
1097 1790 1173 1832 hoc
1196 1805 1277 1832 11011
1299 1794 1621 1844 sacramentum,
1644 1790 1717 1831 sed
1739 1803 1929 1831 exsecra-

390 1865 598 1913 mentum,
621 1860 696 1901 sub
720 1859 906 1911 diligenti
931 1859 1251 1913 interrogatione
1275 1859 1455 1901 confessi
1477 1863 1592 1900 sunt:
1616 1872 1789 1913 quorum
1809 1872 1930 1912 unus,

389 1932 556 1972 nomine
578 1930 739 1981 Viator,
762 1942 830 1969 eos
853 1929 922 1981 qui
944 1929 1024 1969 ista
1045 1929 1203 1969 faciunt
1223 1929 1387 1983 proprie
1408 1927 1686 1969 6Catharistas
1707 1929 1845 1969 vocari
1867 1926 1929 1968 di—

389 2012 507 2051 cens,
537 2011 630 2039 cum
657 1996 759 2037 alias
782 1996 965 2037 eiusdem
994 1997 1260 2038 Manichaeae
1289 2000 1427 2037 sectae
1454 2000 1593 2052 partes
1622 1998 1666 2037 in
1692 1995 1930 2038 ⁷Mattarios

389 2071 430 2108 et
458 2065 694 2121 specialiter
721 2065 982 2106 Manichaeos
1013 2065 1204 2107 distribui
1232 2065 1488 2120 perhiberet,
1516 2079 1660 2106 omnes
1687 2068 1828 2106 tamen
1855 2064 1930 2105 has

387 2139 471 2176 tres
493 2135 645 2176 formas
667 2134 718 2175 ab
740 2147 821 2175 uno
845 2139 1009 2175 auctore
1032 2138 1291 2189 propagatas,
1314 2138 1355 2174 et
1376 2147 1518 2175 omnes
1535 2133 1782 2188 generaliter
1796 2133 1929 2174 Mam·-

389 2204 537 2245 chaeos
556 2216 646 2244 esse
664 2216 814 2256 negare
832 2217 915 2243 11011
931 2203 1077 2257 potuit.
1111 2203 1231 2244 Certe
1248 2202 1310 2243 illi
1326 2202 1421 2244 libri
1432 2201 1666 2244 Manichaei
1684 2205 1781 2242 sunt
1797 2202 1928 2243 omni-

386 2273 464 2314 bus
487 2273 576 2313 sine
599 2271 855 2312 dubitatione
880 2285 1140 2324 communes,
1168 2271 1211 2312 in
1240 2272 1388 2325 quibus
1417 2271 1535 2312 libris
1562 2270 1635 2311 illa
1661 2273 1853 2325 portenta
1878 2268 1930 2310 ad

386 2340 619 2383 illiciendos
652 2344 693 2380 et
725 2353 798 2395 per
832 2340 1213 2394 concupiscentiam
1245 2339 1530 2381 dissolvendos
1558 2340 1774 2393 utriusque
1806 2351 1928 2380 sexus

385 2410 594 2465 principes
615 2409 896 2461 tenebrarum,
917 2412 963 2448 ut
983 2408 1159 2449 liberata
1179 2409 1309 2462 fugiat
1328 2408 1379 2449 ab
1403 2409 1461 2449 eis
1492 2421 1595 2462 quae
1628 2408 1837 2462 captivata
1865 2410 1927 2447 te-

385 2478 561 2520 nebatur
580 2478 624 2518 in
647 2478 704 2517 eis
728 2476 866 2518 divina
887 2476 1133 2530 substantia,
1156 2477 1204 2518 de
1225 2477 1504 2518 masculorum
1530 2478 1573 2517 in
1593 2476 1770 2517 feminas
1799 2479 1841 2516 et
1867 2475 1928 2516 fe—

384 2547 592 2587 minarum
612 2547 656 2586 in
676 2544 882 2586 masculos
904 2545 1264 2599 transfiguratione
1294 2547 1528 2601 conscripta
1555 2548 1672 2598 sunt,
1699 2544 1809 2585 unde
1834 2545 1930 2596 ista,

384 2614 532 2669 Squam
555 2613 730 2668 quilibet
751 2627 891 2654 eorum
912 2617 1066 2667 negant
1096 2614 1148 2655 ad
1178 2628 1221 2655 se
1242 2616 1473 2669 pertinere,
1501 2613 1713 2669 turpitudo
1747 2612 1927 2654 defluxit.

473 2716 505 2750 4.
531 2715 621 2760 apud
644 2713 901 2758 Carthaginem]
937 2714 986 2758 Cf.
1011 2714 1200 2748 Possidium
1226 2715 1263 2750 V.
1280 2716 1465 2759 Auyustz'nz'
1481 2727 1557 2760 cap.
1576 2715 1631 2748 16.
1701 2713 1732 2747 5.
1750 2713 1809 2747 Sic·
1832 2712 1928 2746 MSS.

385 2760 484 2794 Edita·
516 2768 624 2794 autem
654 2760 776 2793 liabent
804 2760 978 2793 violatam.
1026 2759 1183 2805 (Bened.}
1268 2761 1299 2796 6.
1332 2761 1414 2794 Post
1442 2760 1653 2794 Catharistas
1689 2760 1772 2792 editi
1802 2760 1931 2792 addunt

384 2806 417 2838 id
435 2810 488 2839 est
502 2806 724 2840 mundatores
748 2805 800 2838 vel
816 2809 1031 2849 purgatores
1063 2804 1222 2849 (Bened.)
1292 2806 1324 2840 7.
1348 2805 1447 2839 Edita·
1460 2806 1649 2846 Macarios3
1672 2805 1760 2848 quod
1780 2809 1926 2837 erratum

383 2858 515 2885 sec-utus
539 2858 587 2884 est
606 2851 801 2883 Sz'rmomlus
822 2853 856 2882 vin
879 2863 938 2883 8110
954 2851 1228 2891 Praedestenatn,
1251 2864 1449 2896 quamquam
1471 2852 1640 2895 Auyiense
1663 2850 1806 2883 eiusdem
1821 2849 1927 2882 Prae-

385 2899 548 2930 destinati
563 2898 733 2941 exemplar
743 2899 906 2940 praefert
918 2896 1109 2930 Marianos,
1135 2896 1192 2929 Sic
1211 2909 1285 2930 vero
1303 2897 1428 2930 hahent
1441 2897 1497 2929 hic
1515 2899 1613 2929 etiam
1630 2895 1815 2938 Azlyztstz'ni
1829 2893 1924 2927 MSS.

385 2955 503 2975 omnes:
543 2943 671 2986 Nempe
688 2944 767 2986 quia
783 2944 819 2973 in
835 2945 949 2974 mattis
965 2943 1141 2982 dormiunt,
1156 2942 1319 2975 stlattaria*
1331 2943 1558 2986 appellantur,
1576 2953 1616 2974 ex
1632 2941 1687 2973 lib.
1709 2939 1747 2974 V.
1764 2951 1791 2973 ο.
1806 2939 1841 2972 F
1841 2944 1924 2972 aust.

385 3000 462 3032 (sap.
479 2989 511 3021 5.
560 2987 718 3032 (Bened.)
779 2986 810 3020 8.
825 2986 884 3019 Sic
910 2987 1073 3021 Vaticani
1089 2988 1151 3020 cluo
1164 2987 1259 3020 MSS.
1308 2989 1359 3020 At
1372 2989 1455 3021 editi
1469 2986 1558 3020 unde
1574 2986 1642 3020 ista
1659 2996 1791 3026 eorum,
1808 2994 1926 3029 quam-

382 3032 468 3067 libet
482 3037 614 3078 negant
631 3039 704 3067 cett.
729 3031 890 3076 (Bened.)
