2052 3342
157 818 222 851 rap.
242 818 352 844 xxvii.

138 1573 204 1604 cap.
224 1573 351 1598 xxvln.

177 1849 242 1880 Cap.
255 1848 353 1873 XXIX.

183 2054 248 2088 Cap.
270 2053 353 2078 XXX.

173 2329 238 2363 Cap.
258 2329 354 2356 xxxi.

382 229 460 270 202
1049 225 1247 253 Auens-rim

380 332 607 387 perfectum
628 334 701 371 est.
740 331 826 371 Hoc
849 334 986 371 autem
1007 331 1238 385 perfectum
1259 331 1301 371 in
1322 330 1564 372 Montanum
1585 335 1626 371 et
1648 333 1690 371 in
1714 332 1802 371 eius
1822 343 1917 385 pro-

379 401 584 454 phetissas
605 401 768 439 venisse
791 398 978 439 delirant.
1011 399 1278 439 Sacramenta
1294 397 1561 453 perhibentur
1577 399 1726 440 habere
1744 398 1917 439 funesta.

380 468 482 508 Nam
505 467 553 507 (10
577 468 744 507 infantis
768 467 949 507 anniculi
974 469 1195 519 sanguine,
1218 481 1339 520 quom
1362 466 1411 507 (10
1433 471 1516 507 toto
1541 469 1627 507 cius
1650 480 1818 521 corpore
1840 467 1918 507 mi·-

379 537 489 576 nutis
511 537 781 592 punctionum
805 535 1043 575 vulneribus
1066 539 1324 588 extorquent,
1349 536 1466 588 quasi
1489 535 1780 576 cucharistiam
1803 548 1920 575 suam

381 607 580 645 conticere
602 604 890 660 perhibentur,
919 603 1142 643 miscentes
1165 617 1257 643 011111
1281 603 1458 655 farinae,
1485 616 1716 658 panemque
1738 602 1835 643 inde
1857 601 1919 642 fa-

379 674 554 713 cientes:
577 673 645 727 qui
667 686 768 727 puer
790 672 823 712 si
841 675 1024 712 mortuus
1045 672 1178 719 suerit,
1202 672 1374 712 habetur
1391 671 1499 725 apud
1517 685 1586 711 eos
1609 670 1704 726 ‘²pr0
1722 674 1917 723 martyre,

379 742 410 781 si
435 746 571 781 autem
595 742 755 792 vixerit,
777 755 847 795 pro
871 754 1016 792 magno
1039 740 1269 781 sacerdote.

463 810 705 864 ¹l'cpuziani
737 823 760 848 a
782 808 868 849 loco
891 808 1067 862 quodam
1090 807 1290 849 nominati
1312 812 1427 859 sunt,
1456 820 1579 861 quam
1608 808 1820 848 civitatem
1846 805 1918 847 de-

378 882 529 918 sertam
552 877 648 918 dicit
672 876 937 932 Epiphanius,
970 877 1085 917 lianc
1108 881 1245 916 autem
1267 877 1334 916 isti
1358 876 1543 916 divinum
1565 875 1721 929 aliquid
1743 888 1834 915 csse
1855 888 1919 915 ar-

381 947 579 986 bitrantes
601 945 859 986 Hierusalem
882 949 1050 988 vocant:
1082 950 1243 985 tantum
1271 944 1416 985 dantes
1446 943 1688 984 mulieribus
1710 944 1920 998 principa-

378 1021 479 1060 tum,
502 1019 545 1054 ut
567 1013 793 1054 sacerdotio
811 1026 970 1067 quoque
989 1013 1097 1067 apud
1115 1026 1183 1053 cos
1202 1013 1466 1053 honorentur.
1498 1012 1652 1052 Dicunt
1669 1013 1776 1052 enim
1791 1011 1920 1061 Quin-

378 1083 488 1124 tillae
512 1087 553 1123 et
574 1081 784 1123 Priscillae
809 1083 848 1121 in
871 1081 1013 1121 cadem
1037 1082 1201 1121 civitate
1225 1081 1386 1135 l‘cpuza
1408 1081 1618 1122 Christum
1642 1081 1778 1134 specie
1800 1079 1919 1120 semi-

378 1166 453 1192 nao
478 1151 721 1200 revelatum3
752 1150 859 1190 unde
889 1150 939 1190 ab
962 1149 1036 1189 hac
1061 1149 1316 1198 Quintilliani
1341 1150 1464 1189 ctiam
1486 1152 1790 1204 nuncupantur.
1841 1147 1920 1188 Fa-

379 1221 492 1261 ciunt
514 1223 553 1259 ct
575 1220 650 1274 ipsi
676 1218 724 1258 (10
748 1219 946 1271 sanguine
969 1218 1139 1258 infantis
1169 1217 1278 1271 qnod
1299 1216 1604 1272 2Cataphrygas
1633 1217 1768 1258 facere
1798 1229 1923 1270 supra

378 1288 570 1330 diximus.
610 1287 715 1328 Nam
737 1291 778 1326 et
798 1287 848 1326 ah
872 1288 931 1326 cis
953 1286 1223 1340 perhibentur
1244 1287 1387 1325 exorti.
1420 1286 1607 1339 Denique
1630 1285 1699 1325 alii
1721 1285 1826 1325 hanc
1842 1284 1921 1324 Pe-

377 1371 524 1414 puzam
545 1370 626 1398 non
650 1369 739 1396 esse-
763 1357 984 1406 civitatem,
1007 1354 1079 1394 sed
1100 1354 1239 1394 villam
1257 1353 1400 1394 dicunt
1421 1354 1546 1394 fuisse
1563 1354 1749 1395 Montani
1767 1356 1808 1393 ct
1823 1366 1919 1407 pro·-

377 1427 653 1482 phctissarum
677 1425 763 1464 eius
785 1424 951 1465 Priscae
974 1427 1013 1463 ct
1034 1422 1304 1474 Maximillae,
1334 1426 1374 1462 ct
1396 1423 1492 1476 quia
1513 1421 1569 1463 ibi
1590 1423 1803 1474 vixerunt,
1829 1420 1920 1461 ideo

375 1495 511 1536 locum
534 1494 732 1535 meruisse
756 1491 955 1547 appellari
975 1491 1246 1532 Hierusalem.

460 1563 712 1616 Artotyritae
736 1565 832 1601 sunt
863 1560 1011 1614 quihus
1035 1559 1185 1600 oblatio
1208 1573 1347 1600 eorum
1369 1559 1445 1600 1100
1468 1573 1619 1600 nomen
1641 1558 1768 1600 dedit.
1811 1556 1920 1599 Offe-

377 1637 472 1674 runt
493 1632 603 1672 cuim
624 1644 774 1685 panem
797 1634 837 1669 ot
859 1641 1045 1680 caseum,
1068 1627 1253 1668 dicentes
1275 1642 1299 1667 a
1320 1629 1464 1683 primis
1486 1628 1724 1669 hominibus
1747 1626 1920 1668 oblatio-

376 1715 450 1743 nes
474 1700 522 1741 (10
545 1698 747 1740 fructibus
770 1702 902 1739 terrae
925 1702 966 1737 et
988 1698 1125 1738 ovium
1146 1697 1272 1738 fuisse
1296 1696 1536 1737 celebratas.
1569 1696 1654 1737 Hos
1674 1695 1921 1750 Pepuzianis

377 1770 509 1822 iungit
529 1767 796 1824 Epiphanius.

462 1835 968 1878 Thessarescaedecatitae
987 1834 1081 1875 hinc
1101 1834 1296 1889 appellati
1307 1838 1416 1886 sunt,
1435 1832 1543 1888 quod
1555 1846 1638 1874 non
1654 1834 1735 1873 nisi
1752 1835 1918 1887 quarta·-

379 1905 540 1946 decima
563 1904 702 1957 1luna,
730 1903 890 1945 Pascha
912 1903 1141 1955 celebrant,
1171 1902 1344 1956 quilibet
1371 1906 1531 1957 septem
1551 1901 1711 1942 dierum
1733 1905 1921 1942 occurrat

379 1973 479 2026 dies,
501 1977 542 2013 et
563 1974 597 2013 si
620 1972 707 2014 dies
730 1972 961 2013 dominicus
983 1972 1219 2023 occurrerit,
1240 1973 1328 2026 ipso
1352 1971 1416 2012 die
1439 1971 1626 2011 ieiunant
1646 1974 1687 2010 et
1706 1969 1890 2023 vigilant.

463 2041 605 2094 ¹Alogi
625 2044 843 2096 propterea
861 2041 919 2081 sie
940 2044 1137 2081 vocantur
1153 2044 1351 2093 tanquam
1368 2041 1455 2080 sine
1472 2038 1596 2080 verbo
1623 2042 1776 2088 (ΛΟΓΟΣ
1808 2039 1920 2079 enim

380 2110 531 2152 Graece
548 2108 721 2150 verbum
738 2108 899 2162 dicitur)
911 2140 922 2161 ,
944 2110 1039 2163 quia
1061 2108 1183 2149 deum
1199 2108 1372 2148 verbum
1396 2108 1578 2162 recipere
1595 2107 1831 2160 noluerunt,
1851 2106 1918 2148 Io-

377 2179 527 2220 hannis
554 2176 825 2230 Evangelium
854 2181 1113 2232 respuentes3
1145 2178 1260 2217 cuius
1288 2190 1364 2217 nec
1385 2175 1668 2231 Apocalypsin
1689 2176 1919 2230 accipiunt,

378 2247 452 2289 has
473 2245 667 2288 videlicet
687 2247 911 2300 scripturas
933 2249 1131 2298 negantes
1153 2258 1243 2285 csse
1264 2246 1407 2299 ipsius.

462 2315 682 2358 Adamiani
710 2328 760 2354 ex
786 2313 921 2354 Adam
949 2313 1067 2367 dicti,
1096 2314 1211 2354 cuius
1242 2315 1458 2354 imitantur
1478 2314 1522 2353 in
1542 2311 1731 2367 paradiso
1752 2311 1918 2353 nudita-

380 2388 485 2437 tem,
511 2396 614 2438 quae
636 2382 714 2423 fuit
734 2386 829 2423 ante
850 2387 1079 2437 peccatum.
1129 2381 1249 2423 Unde
1279 2385 1319 2422 et
1345 2382 1511 2436 nuptias
1533 2383 1796 2433 aversantur,
1825 2381 1922 2435 quia

381 2467 458 2496 nee
479 2453 593 2508 prius
616 2464 740 2506 quam
759 2454 973 2506 peccasset
993 2450 1139 2504 Adam,
1160 2463 1238 2491 nec
1258 2451 1372 2506 prius
1390 2462 1515 2503 quam
1531 2448 1725 2490 djmjssus
1743 2452 1854 2490 esset
1870 2448 1919 2490 de

449 2587 480 2623 2.
506 2587 687 2621 C'olbertz‘ni
716 2586 847 2620 codices
876 2585 938 2618 duo
962 2591 995 2618 et
1014 2597 1097 2617 unus
1120 2597 1136 2618 e
1168 2586 1345 2619 Vaticanis
1359 2595 1420 2630 pro
1437 2594 1565 2629 magno
1580 2587 1746 2628 martyre;
1763 2583 1792 2617 si
1808 2586 1922 2618 autem

380 2634 516 2675 vixerit,
532 2643 593 2678 pro
607 2636 741 2666 summo
758 2630 942 2665 sacerdote.
974 2631 1051 2663 Alii
1075 2630 1235 2664 Vaticani
1257 2643 1328 2664 cum
1351 2633 1578 2675 antiquissimo
1595 2629 1825 2670 Floriacensi,
1850 2641 1922 2662 cum

383 2679 631 2713 Becheronensi
647 2683 706 2712 etc.
723 2687 783 2721 pro
801 2680 967 2720 martyre3
984 2676 1014 2709 si
1029 2680 1143 2709 autem
1159 2677 1294 2718 vixerit,
1309 2687 1369 2721 pro
1386 2676 1541 2709 maximo
1557 2675 1744 2710 sacerdote.
1768 2674 1920 2709 Michae-

383 2725 470 2758 linus
485 2724 557 2758 MS.
573 2734 635 2769 pro
651 2723 761 2768 primo
779 2722 962 2755 sacerdote.
1003 2720 1160 2766 (Bened.)

474 2780 555 2826 Cap.
572 2778 717 2826 XXVIJ.
734 2799 778 2803 —
815 2778 843 2811 1.
861 2779 903 2811 In
920 2778 1067 2811 omnibus
1083 2790 1191 2822 prope
1207 2778 1303 2812 MSS.
1319 2777 1524 2822 Pepudiani3
1547 2783 1578 2810 et
1592 2779 1687 2822 infra
1702 2788 1770 2822 pro
1785 2775 1921 2822 Pepuza

386 2833 575 2860 constanter
590 2828 751 2869 scriptum
769 2830 817 2857 est
830 2823 990 2868 Pepudia.
1031 2822 1190 2868 (Bened.)
1237 2824 1316 2857 Non
1340 2825 1440 2856 aliter
1450 2825 1582 2868 passim
1597 2825 1738 2856 variant
1751 2824 1787 2855 in
1802 2824 1919 2855 veteri-

385 2874 443 2906 bus
459 2873 555 2905 libris
571 2871 726 2904 diabolus
744 2876 775 2902 et
789 2869 941 2911 zabulus,
959 2869 1122 2903 diaconus
1141 2875 1171 2901 et
1185 2879 1332 2903 zaconus
1350 2875 1382 2902 et
1397 2870 1480 2902 alia.
1551 2867 1582 2902 2.
1599 2868 1658 2901 Ita
1673 2866 1770 2903 MSS.
1788 2867 1920 2902 testibus

385 2921 468 2963 ipsis
486 2917 713 2950 Benedictinis
728 2915 917 2956 editoribus,
934 2918 990 2958 qai
1005 2926 1076 2947 cum
1093 2915 1229 2957 reliquis
1243 2918 1450 2948 retinuerunt
1463 2911 1709 2958 Cataphryges.

475 2973 558 3018 Cap.
573 2972 707 3007 XXIX.
723 2991 767 2996 —
793 2972 821 3005 1.
837 2971 934 3014 luna]
957 2972 1056 3005 Editi
1071 2970 1126 3003 liic
1144 2972 1273 3004 addunt
1286 2982 1404 3004 mense
1420 2970 1554 3005 Martio.
1589 2968 1750 3014 (Bened.)

476 3030 557 3075 Cap.
574 3029 691 3063 XXX.
708 3049 751 3055 -—-
793 3028 820 3062 1.
846 3029 887 3060 Ιη
909 3029 1007 3061 editis
1028 3027 1199 3071 Alogiani.
1239 3028 1483 3061 Restt'titendum
1509 3038 1548 3060 ex
1562 3025 1660 3061 MSS.
1697 3025 1810 3071 Alogi,
1825 3027 1882 3070 qui
1896 3038 1919 3059 α

391 3077 534 3109 Graecis
548 3073 846 3120 liaeresz'oqrapkis
861 3075 1016 3108 dicuntur
1031 3070 1176 3116 Ἅλογοι.
1223 3072 1380 3116 (Bened.)
