<?xml version="1.0" encoding="UTF-8"?>
<!DOCTYPE html PUBLIC "-//W3C//DTD XHTML 1.0 Transitional//EN"
    "http://www.w3.org/TR/xhtml1/DTD/xhtml1-transitional.dtd">
<html xmlns="http://www.w3.org/1999/xhtml" xml:lang="en" lang="en">
 <head>
  <title>
</title>
<meta http-equiv="Content-Type" content="text/html;charset=utf-8" />
  <meta name='ocr-system' content='tesseract 3.04.00' />
  <meta name='ocr-capabilities' content='ocr_page ocr_carea ocr_par ocr_line ocrx_word'/>
</head>
<body>
  <div class='ocr_page' id='page_1' title='image "./corporishaereseo01epipuoft_0263.png"; bbox 0 0 2052 3374; ppageno 0'>
   <div class='ocr_carea' id='block_1_1' title="bbox 737 134 1643 175">
    <p class='ocr_par' dir='ltr' id='par_1_1' title="bbox 737 134 1643 175">
     <span class='ocr_line' id='line_1_1' title="bbox 737 134 1643 175; baseline -0.002 -13"><span class='ocrx_word' id='word_1_1' title='bbox 737 137 852 163; x_wconf 69' lang='lat' dir='ltr'>mmm</span> <span class='ocrx_word' id='word_1_2' title='bbox 869 136 1014 162; x_wconf 67' lang='lat' dir='ltr'>ramus.</span> <span class='ocrx_word' id='word_1_3' title='bbox 1565 134 1643 175; x_wconf 78' lang='lat'>241</span> 
     </span>
    </p>
   </div>
   <div class='ocr_carea' id='block_1_2' title="bbox 101 238 1652 2698">
    <p class='ocr_par' dir='ltr' id='par_1_2' title="bbox 101 238 1647 365">
     <span class='ocr_line' id='line_1_2' title="bbox 101 238 1647 297; baseline -0.004 -13"><span class='ocrx_word' id='word_1_4' title='bbox 101 246 166 284; x_wconf 85' lang='lat' dir='ltr'>tos</span> <span class='ocrx_word' id='word_1_5' title='bbox 196 243 419 294; x_wconf 84' lang='lat' dir='ltr'>convertit,</span> <span class='ocrx_word' id='word_1_6' title='bbox 448 243 493 282; x_wconf 90' lang='lat' dir='ltr'>in</span> <span class='ocrx_word' id='word_1_7' title='bbox 522 255 656 283; x_wconf 87' lang='lat' dir='ltr'>errore</span> <span class='ocrx_word' id='word_1_8' title='bbox 683 255 779 283; x_wconf 80' lang='lat' dir='ltr'>vero</span> <span class='ocrx_word' id='word_1_9' title='bbox 808 244 1120 297; x_wconf 77' lang='lat' dir='ltr'>perseverantes</span> <span class='ocrx_word' id='word_1_10' title='bbox 1150 241 1350 295; x_wconf 86' lang='lat' dir='ltr'>perpetua</span> <span class='ocrx_word' id='word_1_11' title='bbox 1380 238 1592 280; x_wconf 80' lang='lat' dir='ltr'>sanctione</span> <span class='ocrx_word' id='word_1_12' title='bbox 1623 252 1647 278; x_wconf 89' lang='lat' dir='ltr'>a</span> 
     </span>
     <span class='ocr_line' id='line_1_3' title="bbox 103 311 599 365; baseline -0.004 -13"><span class='ocrx_word' id='word_1_13' title='bbox 103 311 388 352; x_wconf 90' lang='lat' dir='ltr'>communione</span> <span class='ocrx_word' id='word_1_14' title='bbox 409 311 599 365; x_wconf 74' lang='lat' dir='ltr'>privavit.</span> 
     </span>
    </p>

    <p class='ocr_par' dir='ltr' id='par_1_3' title="bbox 101 372 1650 1724">
     <span class='ocr_line' id='line_1_4' title="bbox 184 372 1646 433; baseline -0.003 -13"><span class='ocrx_word' id='word_1_15' title='bbox 184 379 394 420; x_wconf 88' lang='lat' dir='ltr'>Vicesima</span> <span class='ocrx_word' id='word_1_16' title='bbox 414 382 455 419; x_wconf 89' lang='lat' dir='ltr'>et</span> <span class='ocrx_word' id='word_1_17' title='bbox 476 380 621 433; x_wconf 83' lang='lat' dir='ltr'>quinta</span> <span class='ocrx_word' id='word_1_18' title='bbox 641 372 822 419; x_wconf 87' lang='lat' dir='ltr'>haeresis</span> <span class='ocrx_word' id='word_1_19' title='bbox 845 383 908 419; x_wconf 88' lang='lat' dir='ltr'>est</span> <span class='ocrx_word' id='word_1_20' title='bbox 929 378 1209 430; x_wconf 82' lang='lat' dir='ltr'>Tatianorum,</span> <span class='ocrx_word' id='word_1_21' title='bbox 1230 391 1253 418; x_wconf 89' lang='lat' dir='ltr'>a</span> <span class='ocrx_word' id='word_1_22' title='bbox 1274 377 1307 418; x_wconf 90' lang='lat' dir='ltr'>T</span> <span class='ocrx_word' id='word_1_23' title='bbox 1311 378 1446 418; x_wconf 85' lang='lat' dir='ltr'>atiano</span> <span class='ocrx_word' id='word_1_24' title='bbox 1468 374 1646 431; x_wconf 86' lang='lat' dir='ltr'>quodam</span> 
     </span>
     <span class='ocr_line' id='line_1_5' title="bbox 101 445 1644 502; baseline -0.002 -14"><span class='ocrx_word' id='word_1_25' title='bbox 101 448 306 500; x_wconf 88' lang='lat' dir='ltr'>instituta,</span> <span class='ocrx_word' id='word_1_26' title='bbox 328 448 399 501; x_wconf 87' lang='lat' dir='ltr'>qui</span> <span class='ocrx_word' id='word_1_27' title='bbox 419 451 460 488; x_wconf 86' lang='lat' dir='ltr'>et</span> <span class='ocrx_word' id='word_1_28' title='bbox 478 447 713 488; x_wconf 87' lang='lat' dir='ltr'>Encratitae</span> <span class='ocrx_word' id='word_1_29' title='bbox 735 446 931 502; x_wconf 84' lang='lat' dir='ltr'>appellati</span> <span class='ocrx_word' id='word_1_30' title='bbox 954 451 1062 487; x_wconf 90' lang='lat' dir='ltr'>sunt.</span> <span class='ocrx_word' id='word_1_31' title='bbox 1094 447 1147 487; x_wconf 91' lang='lat' dir='ltr'>Hi</span> <span class='ocrx_word' id='word_1_32' title='bbox 1164 447 1330 501; x_wconf 77' lang='lat' dir='ltr'>nuptias</span> <span class='ocrx_word' id='word_1_33' title='bbox 1349 445 1561 498; x_wconf 88' lang='lat' dir='ltr'>damnant,</span> <span class='ocrx_word' id='word_1_34' title='bbox 1583 448 1644 485; x_wconf 86' lang='lat' dir='ltr'>at-</span> 
     </span>
     <span class='ocr_line' id='line_1_6' title="bbox 102 513 1645 571; baseline -0.002 -14"><span class='ocrx_word' id='word_1_35' title='bbox 102 529 180 570; x_wconf 90' lang='lat' dir='ltr'>que</span> <span class='ocrx_word' id='word_1_36' title='bbox 209 516 374 558; x_wconf 92' lang='lat' dir='ltr'>omnino</span> <span class='ocrx_word' id='word_1_37' title='bbox 401 530 521 571; x_wconf 86' lang='lat' dir='ltr'>pares</span> <span class='ocrx_word' id='word_1_38' title='bbox 552 530 620 557; x_wconf 89' lang='lat' dir='ltr'>eas</span> <span class='ocrx_word' id='word_1_39' title='bbox 647 515 988 557; x_wconf 72' lang='lat' dir='ltr'>fornicationibus</span> <span class='ocrx_word' id='word_1_40' title='bbox 1022 514 1195 569; x_wconf 83' lang='lat' dir='ltr'>aliisque</span> <span class='ocrx_word' id='word_1_41' title='bbox 1225 515 1554 570; x_wconf 75' lang='lat' dir='ltr'>corruptionibus</span> <span class='ocrx_word' id='word_1_42' title='bbox 1583 513 1645 554; x_wconf 86' lang='lat' dir='ltr'>fa-</span> 
     </span>
     <span class='ocr_line' id='line_1_7' title="bbox 104 581 1648 639; baseline -0.002 -13"><span class='ocrx_word' id='word_1_43' title='bbox 104 586 238 638; x_wconf 88' lang='lat' dir='ltr'>ciunt,</span> <span class='ocrx_word' id='word_1_44' title='bbox 265 598 342 625; x_wconf 91' lang='lat' dir='ltr'>nec</span> <span class='ocrx_word' id='word_1_45' title='bbox 370 586 576 639; x_wconf 83' lang='lat' dir='ltr'>recipiunt</span> <span class='ocrx_word' id='word_1_46' title='bbox 603 586 648 626; x_wconf 90' lang='lat' dir='ltr'>in</span> <span class='ocrx_word' id='word_1_47' title='bbox 677 598 749 626; x_wconf 87' lang='lat' dir='ltr'>suo</span> <span class='ocrx_word' id='word_1_48' title='bbox 771 597 942 625; x_wconf 87' lang='lat' dir='ltr'>numero</span> <span class='ocrx_word' id='word_1_49' title='bbox 966 584 1153 636; x_wconf 81' lang='lat' dir='ltr'>coniugio</span> <span class='ocrx_word' id='word_1_50' title='bbox 1182 587 1371 624; x_wconf 88' lang='lat' dir='ltr'>utentem</span> <span class='ocrx_word' id='word_1_51' title='bbox 1402 597 1561 624; x_wconf 87' lang='lat' dir='ltr'>marem</span> <span class='ocrx_word' id='word_1_52' title='bbox 1581 581 1648 623; x_wconf 74' lang='lat' dir='ltr'>vel</span> 
     </span>
     <span class='ocr_line' id='line_1_8' title="bbox 101 652 1646 705; baseline -0.001 -12"><span class='ocrx_word' id='word_1_53' title='bbox 101 652 312 694; x_wconf 84' lang='lat' dir='ltr'>feminam.</span> <span class='ocrx_word' id='word_1_54' title='bbox 363 652 457 694; x_wconf 82' lang='lat' dir='ltr'>Non</span> <span class='ocrx_word' id='word_1_55' title='bbox 476 657 701 694; x_wconf 69' lang='lat' dir='ltr'>vescuntur</span> <span class='ocrx_word' id='word_1_56' title='bbox 723 652 936 705; x_wconf 87' lang='lat' dir='ltr'>carnibus,</span> <span class='ocrx_word' id='word_1_57' title='bbox 966 665 1114 705; x_wconf 86' lang='lat' dir='ltr'>easque</span> <span class='ocrx_word' id='word_1_58' title='bbox 1147 653 1312 693; x_wconf 89' lang='lat' dir='ltr'>omnino</span> <span class='ocrx_word' id='word_1_59' title='bbox 1343 652 1646 693; x_wconf 76' lang='lat' dir='ltr'>abominantur.</span> 
     </span>
     <span class='ocr_line' id='line_1_9' title="bbox 103 720 1646 777; baseline -0.001 -15"><span class='ocrx_word' id='word_1_60' title='bbox 103 721 255 763; x_wconf 80' lang='lat' dir='ltr'>Contra</span> <span class='ocrx_word' id='word_1_61' title='bbox 279 721 356 762; x_wconf 88' lang='lat' dir='ltr'>hos</span> <span class='ocrx_word' id='word_1_62' title='bbox 385 723 568 777; x_wconf 81' lang='lat' dir='ltr'>suscepit</span> <span class='ocrx_word' id='word_1_63' title='bbox 595 726 764 763; x_wconf 88' lang='lat' dir='ltr'>sanctus</span> <span class='ocrx_word' id='word_1_64' title='bbox 784 720 1040 776; x_wconf 83' lang='lat' dir='ltr'>Epiphanius</span> <span class='ocrx_word' id='word_1_65' title='bbox 1062 720 1250 774; x_wconf 71' lang='lat' dir='ltr'>Ancyrae</span> <span class='ocrx_word' id='word_1_66' title='bbox 1274 720 1457 761; x_wconf 82' lang='lat' dir='ltr'>Galatiae</span> <span class='ocrx_word' id='word_1_67' title='bbox 1488 722 1646 775; x_wconf 88' lang='lat' dir='ltr'>episco-</span> 
     </span>
     <span class='ocr_line' id='line_1_10' title="bbox 101 788 1648 845; baseline -0.001 -15"><span class='ocrx_word' id='word_1_68' title='bbox 101 803 193 845; x_wconf 90' lang='lat' dir='ltr'>pus,</span> <span class='ocrx_word' id='word_1_69' title='bbox 215 790 415 831; x_wconf 89' lang='lat' dir='ltr'>obiiciens</span> <span class='ocrx_word' id='word_1_70' title='bbox 437 792 496 831; x_wconf 92' lang='lat' dir='ltr'>eis</span> <span class='ocrx_word' id='word_1_71' title='bbox 517 790 657 831; x_wconf 90' lang='lat' dir='ltr'>¹Pauli</span> <span class='ocrx_word' id='word_1_72' title='bbox 677 789 851 845; x_wconf 84' lang='lat' dir='ltr'>apostoli</span> <span class='ocrx_word' id='word_1_73' title='bbox 872 788 1091 845; x_wconf 88' lang='lat' dir='ltr'>epistolam</span> <span class='ocrx_word' id='word_1_74' title='bbox 1111 789 1163 830; x_wconf 89' lang='lat' dir='ltr'>ad</span> <span class='ocrx_word' id='word_1_75' title='bbox 1180 789 1443 831; x_wconf 84' lang='lat' dir='ltr'>Timotheum</span> <span class='ocrx_word' id='word_1_76' title='bbox 1458 791 1648 844; x_wconf 86' lang='lat' dir='ltr'>primam,</span> 
     </span>
     <span class='ocr_line' id='line_1_11' title="bbox 102 857 1649 912; baseline -0.002 -13"><span class='ocrx_word' id='word_1_77' title='bbox 102 872 149 899; x_wconf 91' lang='lat' dir='ltr'>eo</span> <span class='ocrx_word' id='word_1_78' title='bbox 171 857 280 912; x_wconf 90' lang='lat' dir='ltr'>quod</span> <span class='ocrx_word' id='word_1_79' title='bbox 298 857 481 900; x_wconf 85' lang='lat' dir='ltr'>habeant</span> <span class='ocrx_word' id='word_1_80' title='bbox 501 859 768 900; x_wconf 87' lang='lat' dir='ltr'>cauteriatam</span> <span class='ocrx_word' id='word_1_81' title='bbox 789 858 1106 910; x_wconf 76' lang='lat' dir='ltr'>conscientiam,</span> <span class='ocrx_word' id='word_1_82' title='bbox 1133 857 1400 912; x_wconf 83' lang='lat' dir='ltr'>prohibentes</span> <span class='ocrx_word' id='word_1_83' title='bbox 1430 858 1585 899; x_wconf 86' lang='lat' dir='ltr'>nubere</span> <span class='ocrx_word' id='word_1_84' title='bbox 1608 861 1649 897; x_wconf 91' lang='lat' dir='ltr'>et</span> 
     </span>
     <span class='ocr_line' id='line_1_12' title="bbox 101 926 1650 982; baseline -0.001 -15"><span class='ocrx_word' id='word_1_85' title='bbox 101 926 310 968; x_wconf 88' lang='lat' dir='ltr'>abstinere</span> <span class='ocrx_word' id='word_1_86' title='bbox 333 927 527 969; x_wconf 87' lang='lat' dir='ltr'>docentes</span> <span class='ocrx_word' id='word_1_87' title='bbox 550 942 573 968; x_wconf 90' lang='lat' dir='ltr'>a</span> <span class='ocrx_word' id='word_1_88' title='bbox 595 927 698 968; x_wconf 90' lang='lat' dir='ltr'>cibis</span> <span class='ocrx_word' id='word_1_89' title='bbox 721 941 821 981; x_wconf 87' lang='lat' dir='ltr'>quos</span> <span class='ocrx_word' id='word_1_90' title='bbox 844 926 944 967; x_wconf 88' lang='lat' dir='ltr'>deus</span> <span class='ocrx_word' id='word_1_91' title='bbox 974 927 1129 967; x_wconf 54' lang='lat' dir='ltr'>creant</span> <span class='ocrx_word' id='word_1_92' title='bbox 1149 926 1201 967; x_wconf 85' lang='lat' dir='ltr'>ad</span> <span class='ocrx_word' id='word_1_93' title='bbox 1221 926 1534 982; x_wconf 88' lang='lat' dir='ltr'>percipiendum</span> <span class='ocrx_word' id='word_1_94' title='bbox 1555 939 1650 967; x_wconf 87' lang='lat' dir='ltr'>cum</span> 
     </span>
     <span class='ocr_line' id='line_1_13' title="bbox 101 994 1649 1049; baseline -0.001 -13"><span class='ocrx_word' id='word_1_95' title='bbox 101 996 326 1049; x_wconf 87' lang='lat' dir='ltr'>gratiarum</span> <span class='ocrx_word' id='word_1_96' title='bbox 346 997 508 1037; x_wconf 88' lang='lat' dir='ltr'>actione</span> <span class='ocrx_word' id='word_1_97' title='bbox 529 995 721 1037; x_wconf 86' lang='lat' dir='ltr'>fidelibus</span> <span class='ocrx_word' id='word_1_98' title='bbox 743 999 784 1036; x_wconf 93' lang='lat' dir='ltr'>et</span> <span class='ocrx_word' id='word_1_99' title='bbox 804 994 869 1036; x_wconf 90' lang='lat' dir='ltr'>his</span> <span class='ocrx_word' id='word_1_100' title='bbox 891 996 962 1049; x_wconf 87' lang='lat' dir='ltr'>qui</span> <span class='ocrx_word' id='word_1_101' title='bbox 985 998 1266 1049; x_wconf 67' lang='lat' dir='ltr'>cognoverunt</span> <span class='ocrx_word' id='word_1_102' title='bbox 1285 996 1522 1035; x_wconf 75' lang='lat' dir='ltr'>veritatem:</span> <span class='ocrx_word' id='word_1_103' title='bbox 1555 995 1649 1049; x_wconf 84' lang='lat' dir='ltr'>quia</span> 
     </span>
     <span class='ocr_line' id='line_1_14' title="bbox 103 1063 1647 1118; baseline 0 -14"><span class='ocrx_word' id='word_1_104' title='bbox 103 1064 236 1105; x_wconf 90' lang='lat' dir='ltr'>omnis</span> <span class='ocrx_word' id='word_1_105' title='bbox 265 1067 451 1105; x_wconf 86' lang='lat' dir='ltr'>creatura</span> <span class='ocrx_word' id='word_1_106' title='bbox 477 1064 544 1105; x_wconf 88' lang='lat' dir='ltr'>dei</span> <span class='ocrx_word' id='word_1_107' title='bbox 570 1065 680 1106; x_wconf 90' lang='lat' dir='ltr'>bona</span> <span class='ocrx_word' id='word_1_108' title='bbox 700 1068 783 1117; x_wconf 83' lang='lat' dir='ltr'>est,</span> <span class='ocrx_word' id='word_1_109' title='bbox 813 1067 853 1104; x_wconf 86' lang='lat' dir='ltr'>et</span> <span class='ocrx_word' id='word_1_110' title='bbox 880 1063 985 1104; x_wconf 89' lang='lat' dir='ltr'>nihil</span> <span class='ocrx_word' id='word_1_111' title='bbox 1006 1063 1288 1105; x_wconf 89' lang='lat' dir='ltr'>abiiciendum</span> <span class='ocrx_word' id='word_1_112' title='bbox 1309 1063 1418 1118; x_wconf 88' lang='lat' dir='ltr'>quod</span> <span class='ocrx_word' id='word_1_113' title='bbox 1442 1077 1535 1105; x_wconf 87' lang='lat' dir='ltr'>cum</span> <span class='ocrx_word' id='word_1_114' title='bbox 1556 1077 1647 1117; x_wconf 76' lang='lat' dir='ltr'>gra-</span> 
     </span>
     <span class='ocr_line' id='line_1_15' title="bbox 101 1132 1649 1188; baseline 0 -16"><span class='ocrx_word' id='word_1_115' title='bbox 101 1133 252 1173; x_wconf 88' lang='lat' dir='ltr'>tiarum</span> <span class='ocrx_word' id='word_1_116' title='bbox 282 1133 442 1174; x_wconf 88' lang='lat' dir='ltr'>actione</span> <span class='ocrx_word' id='word_1_117' title='bbox 472 1134 711 1188; x_wconf 87' lang='lat' dir='ltr'>percipitur.</span> <span class='ocrx_word' id='word_1_118' title='bbox 763 1133 1053 1174; x_wconf 81' lang='lat' dir='ltr'>Sanctificatur</span> <span class='ocrx_word' id='word_1_119' title='bbox 1084 1133 1195 1173; x_wconf 88' lang='lat' dir='ltr'>enim</span> <span class='ocrx_word' id='word_1_120' title='bbox 1224 1146 1298 1187; x_wconf 90' lang='lat' dir='ltr'>per</span> <span class='ocrx_word' id='word_1_121' title='bbox 1323 1133 1498 1174; x_wconf 83' lang='lat' dir='ltr'>verbum</span> <span class='ocrx_word' id='word_1_122' title='bbox 1521 1132 1587 1173; x_wconf 89' lang='lat' dir='ltr'>dei</span> <span class='ocrx_word' id='word_1_123' title='bbox 1609 1136 1649 1173; x_wconf 90' lang='lat' dir='ltr'>et</span> 
     </span>
     <span class='ocr_line' id='line_1_16' title="bbox 103 1201 1648 1254; baseline -0.001 -12"><span class='ocrx_word' id='word_1_124' title='bbox 103 1202 343 1242; x_wconf 88' lang='lat' dir='ltr'>orationem.</span> <span class='ocrx_word' id='word_1_125' title='bbox 374 1201 648 1242; x_wconf 83' lang='lat' dir='ltr'>Abstinentes</span> <span class='ocrx_word' id='word_1_126' title='bbox 670 1205 807 1242; x_wconf 87' lang='lat' dir='ltr'>autem</span> <span class='ocrx_word' id='word_1_127' title='bbox 823 1205 987 1242; x_wconf 89' lang='lat' dir='ltr'>nostros</span> <span class='ocrx_word' id='word_1_128' title='bbox 1006 1201 1229 1242; x_wconf 85' lang='lat' dir='ltr'>catholicos</span> <span class='ocrx_word' id='word_1_129' title='bbox 1245 1201 1401 1242; x_wconf 89' lang='lat' dir='ltr'>idcirco</span> <span class='ocrx_word' id='word_1_130' title='bbox 1417 1201 1648 1254; x_wconf 85' lang='lat' dir='ltr'>laudamus,</span> 
     </span>
     <span class='ocr_line' id='line_1_17' title="bbox 102 1267 1648 1325; baseline 0 -15"><span class='ocrx_word' id='word_1_131' title='bbox 102 1267 225 1324; x_wconf 80' lang='lat' dir='ltr'>²quia</span> <span class='ocrx_word' id='word_1_132' title='bbox 243 1283 327 1311; x_wconf 92' lang='lat' dir='ltr'>non</span> <span class='ocrx_word' id='word_1_133' title='bbox 351 1271 561 1325; x_wconf 89' lang='lat' dir='ltr'>accipiunt</span> <span class='ocrx_word' id='word_1_134' title='bbox 583 1270 716 1323; x_wconf 88' lang='lat' dir='ltr'>cibos,</span> <span class='ocrx_word' id='word_1_135' title='bbox 746 1271 863 1324; x_wconf 83' lang='lat' dir='ltr'>quasi</span> <span class='ocrx_word' id='word_1_136' title='bbox 891 1270 959 1324; x_wconf 89' lang='lat' dir='ltr'>qui</span> <span class='ocrx_word' id='word_1_137' title='bbox 990 1269 1131 1311; x_wconf 86' lang='lat' dir='ltr'>dicant</span> <span class='ocrx_word' id='word_1_138' title='bbox 1157 1269 1313 1310; x_wconf 88' lang='lat' dir='ltr'>malum</span> <span class='ocrx_word' id='word_1_139' title='bbox 1335 1283 1425 1311; x_wconf 90' lang='lat' dir='ltr'>esse</span> <span class='ocrx_word' id='word_1_140' title='bbox 1448 1271 1648 1325; x_wconf 82' lang='lat' dir='ltr'>accipere,</span> 
     </span>
     <span class='ocr_line' id='line_1_18' title="bbox 104 1337 1647 1394; baseline -0.001 -14"><span class='ocrx_word' id='word_1_141' title='bbox 104 1337 177 1380; x_wconf 82' lang='lat' dir='ltr'>sed</span> <span class='ocrx_word' id='word_1_142' title='bbox 197 1338 353 1380; x_wconf 90' lang='lat' dir='ltr'>bonum</span> <span class='ocrx_word' id='word_1_143' title='bbox 374 1338 518 1379; x_wconf 91' lang='lat' dir='ltr'>dicunt</span> <span class='ocrx_word' id='word_1_144' title='bbox 538 1343 580 1380; x_wconf 89' lang='lat' dir='ltr'>et</span> <span class='ocrx_word' id='word_1_145' title='bbox 600 1340 815 1394; x_wconf 85' lang='lat' dir='ltr'>optimum,</span> <span class='ocrx_word' id='word_1_146' title='bbox 837 1338 945 1393; x_wconf 91' lang='lat' dir='ltr'>quod</span> <span class='ocrx_word' id='word_1_147' title='bbox 963 1352 1005 1379; x_wconf 90' lang='grc'>36</span> <span class='ocrx_word' id='word_1_148' title='bbox 1027 1343 1219 1380; x_wconf 85' lang='lat' dir='ltr'>asserunt</span> <span class='ocrx_word' id='word_1_149' title='bbox 1234 1352 1323 1380; x_wconf 90' lang='grc'>6336</span> <span class='ocrx_word' id='word_1_150' title='bbox 1346 1339 1398 1380; x_wconf 87' lang='lat' dir='ltr'>ad</span> <span class='ocrx_word' id='word_1_151' title='bbox 1412 1340 1647 1394; x_wconf 89' lang='lat' dir='ltr'>percipien-</span> 
     </span>
     <span class='ocr_line' id='line_1_19' title="bbox 104 1406 1649 1462; baseline 0.001 -14"><span class='ocrx_word' id='word_1_152' title='bbox 104 1406 204 1448; x_wconf 90' lang='lat' dir='ltr'>dum</span> <span class='ocrx_word' id='word_1_153' title='bbox 227 1406 433 1460; x_wconf 84' lang='lat' dir='ltr'>indignos.</span> <span class='ocrx_word' id='word_1_154' title='bbox 497 1407 564 1449; x_wconf 86' lang='lat' dir='ltr'>Sic</span> <span class='ocrx_word' id='word_1_155' title='bbox 595 1408 641 1448; x_wconf 89' lang='lat' dir='ltr'>fit</span> <span class='ocrx_word' id='word_1_156' title='bbox 666 1411 713 1448; x_wconf 91' lang='lat' dir='ltr'>ut</span> <span class='ocrx_word' id='word_1_157' title='bbox 743 1411 784 1448; x_wconf 91' lang='lat' dir='ltr'>et</span> <span class='ocrx_word' id='word_1_158' title='bbox 810 1407 912 1448; x_wconf 92' lang='lat' dir='ltr'>illud</span> <span class='ocrx_word' id='word_1_159' title='bbox 940 1411 1142 1448; x_wconf 87' lang='lat' dir='ltr'>statutum</span> <span class='ocrx_word' id='word_1_160' title='bbox 1167 1407 1343 1462; x_wconf 87' lang='lat' dir='ltr'>apostoli</span> <span class='ocrx_word' id='word_1_161' title='bbox 1371 1411 1649 1461; x_wconf 79' lang='lat' dir='ltr'>conservetur,</span> 
     </span>
     <span class='ocr_line' id='line_1_20' title="bbox 104 1474 1648 1531; baseline -0.001 -13"><span class='ocrx_word' id='word_1_162' title='bbox 104 1475 214 1531; x_wconf 85' lang='lat' dir='ltr'>quod</span> <span class='ocrx_word' id='word_1_163' title='bbox 234 1477 312 1530; x_wconf 86' lang='lat' dir='ltr'>ait,</span> <span class='ocrx_word' id='word_1_164' title='bbox 342 1474 463 1517; x_wconf 77' lang='lat' dir='ltr'>3Non</span> <span class='ocrx_word' id='word_1_165' title='bbox 481 1476 742 1517; x_wconf 67' lang='lat' dir='ltr'>manducans</span> <span class='ocrx_word' id='word_1_166' title='bbox 761 1477 1083 1519; x_wconf 75' lang='lat' dir='ltr'>manducantem</span> <span class='ocrx_word' id='word_1_167' title='bbox 1109 1491 1191 1517; x_wconf 71' lang='lat' dir='ltr'>ozon</span> <span class='ocrx_word' id='word_1_168' title='bbox 1211 1477 1385 1529; x_wconf 69' lang='lat' dir='ltr'>iudicet,</span> <span class='ocrx_word' id='word_1_169' title='bbox 1417 1484 1453 1517; x_wconf 71' lang='lat' dir='ltr'>et</span> <span class='ocrx_word' id='word_1_170' title='bbox 1471 1477 1648 1517; x_wconf 68' lang='lat' dir='ltr'>manda-</span> 
     </span>
     <span class='ocr_line' id='line_1_21' title="bbox 104 1545 1649 1600; baseline -0.001 -14"><span class='ocrx_word' id='word_1_171' title='bbox 104 1560 203 1586; x_wconf 69' lang='lat' dir='ltr'>cam</span> <span class='ocrx_word' id='word_1_172' title='bbox 222 1559 305 1586; x_wconf 77' lang='lat' dir='ltr'>non</span> <span class='ocrx_word' id='word_1_173' title='bbox 324 1545 643 1586; x_wconf 71' lang='lat' dir='ltr'>manducantem</span> <span class='ocrx_word' id='word_1_174' title='bbox 663 1559 745 1585; x_wconf 75' lang='lat' dir='ltr'>non</span> <span class='ocrx_word' id='word_1_175' title='bbox 765 1552 946 1600; x_wconf 72' lang='lat' dir='ltr'>spernat.</span> <span class='ocrx_word' id='word_1_176' title='bbox 978 1545 1070 1586; x_wconf 85' lang='lat' dir='ltr'>Non</span> <span class='ocrx_word' id='word_1_177' title='bbox 1091 1546 1203 1586; x_wconf 81' lang='lat' dir='ltr'>enim</span> <span class='ocrx_word' id='word_1_178' title='bbox 1224 1550 1453 1586; x_wconf 88' lang='lat' dir='ltr'>creaturam</span> <span class='ocrx_word' id='word_1_179' title='bbox 1470 1550 1649 1598; x_wconf 83' lang='lat' dir='ltr'>accusat,</span> 
     </span>
     <span class='ocr_line' id='line_1_22' title="bbox 103 1612 1649 1670; baseline 0 -15"><span class='ocrx_word' id='word_1_180' title='bbox 103 1613 177 1655; x_wconf 86' lang='lat' dir='ltr'>sed</span> <span class='ocrx_word' id='word_1_181' title='bbox 206 1627 250 1655; x_wconf 87' lang='lat' dir='ltr'>se</span> <span class='ocrx_word' id='word_1_182' title='bbox 279 1627 370 1654; x_wconf 89' lang='lat' dir='ltr'>esse</span> <span class='ocrx_word' id='word_1_183' title='bbox 390 1612 519 1654; x_wconf 86' lang='lat' dir='ltr'>talem</span> <span class='ocrx_word' id='word_1_184' title='bbox 545 1615 787 1669; x_wconf 85' lang='lat' dir='ltr'>pronuntiat</span> <span class='ocrx_word' id='word_1_185' title='bbox 815 1613 911 1668; x_wconf 81' lang='lat' dir='ltr'>4qui</span> <span class='ocrx_word' id='word_1_186' title='bbox 933 1627 976 1654; x_wconf 92' lang='grc'>36</span> <span class='ocrx_word' id='word_1_187' title='bbox 999 1613 1109 1655; x_wconf 89' lang='lat' dir='ltr'>dicat</span> <span class='ocrx_word' id='word_1_188' title='bbox 1133 1613 1255 1655; x_wconf 91' lang='lat' dir='ltr'>huius</span> <span class='ocrx_word' id='word_1_189' title='bbox 1278 1614 1410 1670; x_wconf 88' lang='lat' dir='ltr'>epulis</span> <span class='ocrx_word' id='word_1_190' title='bbox 1432 1614 1545 1655; x_wconf 83' lang='lat' dir='ltr'>refici</span> <span class='ocrx_word' id='word_1_191' title='bbox 1566 1627 1649 1655; x_wconf 89' lang='lat' dir='ltr'>non</span> 
     </span>
     <span class='ocr_line' id='line_1_23' title="bbox 101 1683 263 1724; baseline -0.012 0"><span class='ocrx_word' id='word_1_192' title='bbox 101 1683 263 1724; x_wconf 89' lang='lat' dir='ltr'>mereri.</span> 
     </span>
    </p>

    <p class='ocr_par' dir='ltr' id='par_1_4' title="bbox 102 1750 1652 2698">
     <span class='ocr_line' id='line_1_24' title="bbox 185 1750 1648 1806; baseline 0.001 -14"><span class='ocrx_word' id='word_1_193' title='bbox 185 1751 395 1792; x_wconf 88' lang='lat' dir='ltr'>Vicesima</span> <span class='ocrx_word' id='word_1_194' title='bbox 425 1755 466 1792; x_wconf 91' lang='lat' dir='ltr'>et</span> <span class='ocrx_word' id='word_1_195' title='bbox 487 1755 603 1792; x_wconf 82' lang='lat' dir='ltr'>sexta</span> <span class='ocrx_word' id='word_1_196' title='bbox 622 1750 805 1791; x_wconf 83' lang='lat' dir='ltr'>haeresis</span> <span class='ocrx_word' id='word_1_197' title='bbox 834 1750 1111 1805; x_wconf 76' lang='lat' dir='ltr'>Cataphryges</span> <span class='ocrx_word' id='word_1_198' title='bbox 1141 1753 1220 1793; x_wconf 89' lang='lat' dir='ltr'>orti</span> <span class='ocrx_word' id='word_1_199' title='bbox 1240 1755 1350 1805; x_wconf 89' lang='lat' dir='ltr'>sunt,</span> <span class='ocrx_word' id='word_1_200' title='bbox 1379 1753 1449 1806; x_wconf 86' lang='lat' dir='ltr'>qui</span> <span class='ocrx_word' id='word_1_201' title='bbox 1475 1752 1552 1793; x_wconf 90' lang='lat' dir='ltr'>hoc</span> <span class='ocrx_word' id='word_1_202' title='bbox 1574 1766 1648 1793; x_wconf 79' lang='lat' dir='ltr'>no·-</span> 
     </span>
     <span class='ocr_line' id='line_1_25' title="bbox 102 1819 1650 1875; baseline -0.001 -13"><span class='ocrx_word' id='word_1_203' title='bbox 102 1833 199 1862; x_wconf 89' lang='lat' dir='ltr'>men</span> <span class='ocrx_word' id='word_1_204' title='bbox 220 1834 245 1860; x_wconf 88' lang='lat' dir='ltr'>a</span> <span class='ocrx_word' id='word_1_205' title='bbox 263 1821 477 1875; x_wconf 88' lang='lat' dir='ltr'>provincia</span> <span class='ocrx_word' id='word_1_206' title='bbox 505 1834 589 1860; x_wconf 92' lang='lat' dir='ltr'>non</span> <span class='ocrx_word' id='word_1_207' title='bbox 610 1834 633 1860; x_wconf 92' lang='lat' dir='ltr'>a</span> <span class='ocrx_word' id='word_1_208' title='bbox 655 1819 844 1873; x_wconf 80' lang='lat' dir='ltr'>dogmate</span> <span class='ocrx_word' id='word_1_209' title='bbox 867 1819 1201 1875; x_wconf 81' lang='lat' dir='ltr'>adsumpserunt.</span> <span class='ocrx_word' id='word_1_210' title='bbox 1253 1821 1434 1870; x_wconf 82' lang='lat' dir='ltr'>Quorum</span> <span class='ocrx_word' id='word_1_211' title='bbox 1463 1825 1650 1862; x_wconf 76' lang='lat' dir='ltr'>auctores</span> 
     </span>
     <span class='ocr_line' id='line_1_26' title="bbox 103 1887 1649 1945; baseline 0 -15"><span class='ocrx_word' id='word_1_212' title='bbox 103 1889 269 1930; x_wconf 85' lang='lat' dir='ltr'>fuerunt</span> <span class='ocrx_word' id='word_1_213' title='bbox 287 1887 529 1941; x_wconf 78' lang='lat' dir='ltr'>Montanus,</span> <span class='ocrx_word' id='word_1_214' title='bbox 556 1888 699 1929; x_wconf 85' lang='lat' dir='ltr'>Prisca</span> <span class='ocrx_word' id='word_1_215' title='bbox 719 1892 760 1928; x_wconf 89' lang='lat' dir='ltr'>et</span> <span class='ocrx_word' id='word_1_216' title='bbox 778 1888 1017 1929; x_wconf 81' lang='lat' dir='ltr'>Maximilla.</span> <span class='ocrx_word' id='word_1_217' title='bbox 1067 1889 1121 1930; x_wconf 95' lang='lat' dir='ltr'>Hi</span> <span class='ocrx_word' id='word_1_218' title='bbox 1149 1890 1288 1944; x_wconf 86' lang='lat' dir='ltr'>itaque</span> <span class='ocrx_word' id='word_1_219' title='bbox 1310 1889 1536 1931; x_wconf 80' lang='lat' dir='ltr'>adventum</span> <span class='ocrx_word' id='word_1_220' title='bbox 1565 1891 1649 1945; x_wconf 89' lang='lat' dir='ltr'>spi-</span> 
     </span>
     <span class='ocr_line' id='line_1_27' title="bbox 104 1956 1650 2014; baseline 0.001 -16"><span class='ocrx_word' id='word_1_221' title='bbox 104 1958 207 1998; x_wconf 89' lang='lat' dir='ltr'>ritus</span> <span class='ocrx_word' id='word_1_222' title='bbox 237 1958 372 1998; x_wconf 85' lang='lat' dir='ltr'>sancti</span> <span class='ocrx_word' id='word_1_223' title='bbox 393 1971 417 1997; x_wconf 87' lang='lat' dir='ltr'>a</span> <span class='ocrx_word' id='word_1_224' title='bbox 438 1956 604 1998; x_wconf 90' lang='lat' dir='ltr'>domino</span> <span class='ocrx_word' id='word_1_225' title='bbox 632 1958 882 2012; x_wconf 86' lang='lat' dir='ltr'>promissum</span> <span class='ocrx_word' id='word_1_226' title='bbox 912 1958 955 1998; x_wconf 91' lang='lat' dir='ltr'>in</span> <span class='ocrx_word' id='word_1_227' title='bbox 983 1971 1026 1998; x_wconf 85' lang='lat' dir='ltr'>se</span> <span class='ocrx_word' id='word_1_228' title='bbox 1054 1959 1192 2012; x_wconf 90' lang='lat' dir='ltr'>potius</span> <span class='ocrx_word' id='word_1_229' title='bbox 1224 1971 1348 2012; x_wconf 87' lang='lat' dir='ltr'>quam</span> <span class='ocrx_word' id='word_1_230' title='bbox 1378 1960 1421 1999; x_wconf 90' lang='lat' dir='ltr'>in</span> <span class='ocrx_word' id='word_1_231' title='bbox 1452 1958 1650 2014; x_wconf 82' lang='lat' dir='ltr'>apostolis</span> 
     </span>
     <span class='ocr_line' id='line_1_28' title="bbox 104 2025 1650 2082; baseline 0.001 -16"><span class='ocrx_word' id='word_1_232' title='bbox 104 2025 231 2067; x_wconf 86' lang='lat' dir='ltr'>fuisse</span> <span class='ocrx_word' id='word_1_233' title='bbox 259 2025 460 2066; x_wconf 86' lang='lat' dir='ltr'>adserunt</span> <span class='ocrx_word' id='word_1_234' title='bbox 487 2025 706 2067; x_wconf 87' lang='lat' dir='ltr'>redditum.</span> <span class='ocrx_word' id='word_1_235' title='bbox 765 2025 978 2067; x_wconf 83' lang='lat' dir='ltr'>Secundas</span> <span class='ocrx_word' id='word_1_236' title='bbox 1007 2027 1172 2081; x_wconf 86' lang='lat' dir='ltr'>nuptias</span> <span class='ocrx_word' id='word_1_237' title='bbox 1203 2041 1275 2082; x_wconf 89' lang='lat' dir='ltr'>pro</span> <span class='ocrx_word' id='word_1_238' title='bbox 1307 2027 1650 2069; x_wconf 83' lang='lat' dir='ltr'>fornicationibus</span> 
     </span>
     <span class='ocr_line' id='line_1_29' title="bbox 105 2093 1650 2150; baseline 0 -15"><span class='ocrx_word' id='word_1_239' title='bbox 105 2093 282 2147; x_wconf 89' lang='lat' dir='ltr'>habent,</span> <span class='ocrx_word' id='word_1_240' title='bbox 311 2098 352 2134; x_wconf 92' lang='lat' dir='ltr'>et</span> <span class='ocrx_word' id='word_1_241' title='bbox 380 2093 472 2135; x_wconf 88' lang='lat' dir='ltr'>ideo</span> <span class='ocrx_word' id='word_1_242' title='bbox 495 2093 639 2134; x_wconf 87' lang='lat' dir='ltr'>dicunt</span> <span class='ocrx_word' id='word_1_243' title='bbox 660 2108 728 2134; x_wconf 83' lang='lat' dir='ltr'>eas</span> <span class='ocrx_word' id='word_1_244' title='bbox 751 2095 988 2148; x_wconf 86' lang='lat' dir='ltr'>permisisse</span> <span class='ocrx_word' id='word_1_245' title='bbox 1010 2094 1240 2150; x_wconf 84' lang='lat' dir='ltr'>apostolum</span> <span class='ocrx_word' id='word_1_246' title='bbox 1261 2095 1455 2149; x_wconf 89' lang='lat' dir='ltr'>Paulum,</span> <span class='ocrx_word' id='word_1_247' title='bbox 1485 2098 1580 2150; x_wconf 87' lang='lat' dir='ltr'>quia</span> <span class='ocrx_word' id='word_1_248' title='bbox 1602 2110 1650 2136; x_wconf 80' lang='lat' dir='ltr'>ex</span> 
     </span>
     <span class='ocr_line' id='line_1_30' title="bbox 104 2162 1649 2218; baseline 0.001 -15"><span class='ocrx_word' id='word_1_249' title='bbox 104 2166 220 2218; x_wconf 86' lang='lat' dir='ltr'>parte</span> <span class='ocrx_word' id='word_1_250' title='bbox 243 2162 401 2203; x_wconf 88' lang='lat' dir='ltr'>sciebat</span> <span class='ocrx_word' id='word_1_251' title='bbox 421 2166 462 2203; x_wconf 85' lang='lat' dir='ltr'>et</span> <span class='ocrx_word' id='word_1_252' title='bbox 482 2176 532 2203; x_wconf 83' lang='lat' dir='ltr'>ex</span> <span class='ocrx_word' id='word_1_253' title='bbox 552 2166 669 2217; x_wconf 86' lang='lat' dir='ltr'>parte</span> <span class='ocrx_word' id='word_1_254' title='bbox 690 2162 977 2217; x_wconf 88' lang='lat' dir='ltr'>prophetabat.</span> <span class='ocrx_word' id='word_1_255' title='bbox 1008 2163 1201 2204; x_wconf 84' lang='lat' dir='ltr'>Nondum</span> <span class='ocrx_word' id='word_1_256' title='bbox 1222 2166 1334 2205; x_wconf 90' lang='lat' dir='ltr'>enim</span> <span class='ocrx_word' id='word_1_257' title='bbox 1349 2169 1521 2206; x_wconf 84' lang='lat' dir='ltr'>venerat</span> <span class='ocrx_word' id='word_1_258' title='bbox 1542 2164 1649 2218; x_wconf 85' lang='lat' dir='ltr'>quod</span> 
     </span>
     <span class='ocr_line' id='line_1_31' title="bbox 104 2230 1649 2287; baseline 0.001 -15"><span class='ocrx_word' id='word_1_259' title='bbox 104 2230 334 2286; x_wconf 87' lang='lat' dir='ltr'>perfectum</span> <span class='ocrx_word' id='word_1_260' title='bbox 355 2235 430 2271; x_wconf 84' lang='lat' dir='ltr'>est.</span> <span class='ocrx_word' id='word_1_261' title='bbox 474 2231 562 2271; x_wconf 92' lang='lat' dir='ltr'>Hoc</span> <span class='ocrx_word' id='word_1_262' title='bbox 584 2234 723 2271; x_wconf 89' lang='lat' dir='ltr'>autem</span> <span class='ocrx_word' id='word_1_263' title='bbox 742 2231 974 2285; x_wconf 86' lang='lat' dir='ltr'>perfectum</span> <span class='ocrx_word' id='word_1_264' title='bbox 993 2233 1037 2272; x_wconf 92' lang='lat' dir='ltr'>in</span> <span class='ocrx_word' id='word_1_265' title='bbox 1057 2232 1301 2274; x_wconf 89' lang='lat' dir='ltr'>Montanum</span> <span class='ocrx_word' id='word_1_266' title='bbox 1321 2237 1363 2273; x_wconf 86' lang='lat' dir='ltr'>et</span> <span class='ocrx_word' id='word_1_267' title='bbox 1381 2235 1426 2274; x_wconf 92' lang='lat' dir='ltr'>in</span> <span class='ocrx_word' id='word_1_268' title='bbox 1448 2235 1535 2274; x_wconf 85' lang='lat' dir='ltr'>eius</span> <span class='ocrx_word' id='word_1_269' title='bbox 1556 2247 1649 2287; x_wconf 89' lang='lat' dir='ltr'>pro-</span> 
     </span>
     <span class='ocr_line' id='line_1_32' title="bbox 105 2298 1651 2355; baseline 0.001 -15"><span class='ocrx_word' id='word_1_270' title='bbox 105 2298 326 2355; x_wconf 86' lang='lat' dir='ltr'>phetissas,</span> <span class='ocrx_word' id='word_1_271' title='bbox 348 2313 450 2354; x_wconf 87' lang='lat' dir='ltr'>quas</span> <span class='ocrx_word' id='word_1_272' title='bbox 472 2313 597 2354; x_wconf 88' lang='lat' dir='ltr'>supra</span> <span class='ocrx_word' id='word_1_273' title='bbox 618 2298 810 2352; x_wconf 83' lang='lat' dir='ltr'>diximus,</span> <span class='ocrx_word' id='word_1_274' title='bbox 830 2301 994 2341; x_wconf 85' lang='lat' dir='ltr'>venisse</span> <span class='ocrx_word' id='word_1_275' title='bbox 1017 2300 1210 2342; x_wconf 89' lang='lat' dir='ltr'>delirant.</span> <span class='ocrx_word' id='word_1_276' title='bbox 1245 2302 1454 2342; x_wconf 83' lang='lat' dir='ltr'>Hactenus</span> <span class='ocrx_word' id='word_1_277' title='bbox 1477 2301 1651 2342; x_wconf 83' lang='lat' dir='ltr'>dixerim</span> 
     </span>
     <span class='ocr_line' id='line_1_33' title="bbox 106 2367 1650 2425; baseline 0.001 -16"><span class='ocrx_word' id='word_1_278' title='bbox 106 2367 157 2409; x_wconf 85' lang='lat' dir='ltr'>de</span> <span class='ocrx_word' id='word_1_279' title='bbox 178 2367 460 2424; x_wconf 68' lang='lat' dir='ltr'>Cataphrygis.</span> <span class='ocrx_word' id='word_1_280' title='bbox 513 2367 658 2409; x_wconf 86' lang='lat' dir='ltr'>Cetera</span> <span class='ocrx_word' id='word_1_281' title='bbox 679 2381 782 2422; x_wconf 86' lang='lat' dir='ltr'>quae</span> <span class='ocrx_word' id='word_1_282' title='bbox 805 2367 998 2410; x_wconf 89' lang='lat' dir='ltr'>dicuntur</span> <span class='ocrx_word' id='word_1_283' title='bbox 1020 2371 1138 2423; x_wconf 89' lang='lat' dir='ltr'>quasi</span> <span class='ocrx_word' id='word_1_284' title='bbox 1158 2371 1316 2411; x_wconf 87' lang='lat' dir='ltr'>incerta</span> <span class='ocrx_word' id='word_1_285' title='bbox 1336 2374 1569 2425; x_wconf 85' lang='lat' dir='ltr'>praetereo,</span> <span class='ocrx_word' id='word_1_286' title='bbox 1602 2370 1650 2410; x_wconf 91' lang='lat' dir='ltr'>dc</span> 
     </span>
     <span class='ocr_line' id='line_1_34' title="bbox 105 2436 1652 2491; baseline 0.001 -14"><span class='ocrx_word' id='word_1_287' title='bbox 105 2436 276 2478; x_wconf 87' lang='lat' dir='ltr'>infantis</span> <span class='ocrx_word' id='word_1_288' title='bbox 298 2438 496 2491; x_wconf 85' lang='lat' dir='ltr'>sanguine</span> <span class='ocrx_word' id='word_1_289' title='bbox 526 2449 594 2477; x_wconf 82' lang='lat' dir='ltr'>cos</span> <span class='ocrx_word' id='word_1_290' title='bbox 626 2437 834 2491; x_wconf 78' lang='lat' dir='ltr'>accipere3</span> <span class='ocrx_word' id='word_1_291' title='bbox 866 2437 975 2491; x_wconf 89' lang='lat' dir='ltr'>quod</span> <span class='ocrx_word' id='word_1_292' title='bbox 1002 2438 1094 2479; x_wconf 89' lang='lat' dir='ltr'>ideo</span> <span class='ocrx_word' id='word_1_293' title='bbox 1125 2438 1323 2491; x_wconf 89' lang='lat' dir='ltr'>dicimus,</span> <span class='ocrx_word' id='word_1_294' title='bbox 1358 2452 1410 2479; x_wconf 90' lang='lat' dir='ltr'>ne</span> <span class='ocrx_word' id='word_1_295' title='bbox 1438 2439 1652 2479; x_wconf 76' lang='lat' dir='ltr'>videamur</span> 
     </span>
     <span class='ocr_line' id='line_1_35' title="bbox 106 2504 1649 2561; baseline 0.001 -15"><span class='ocrx_word' id='word_1_296' title='bbox 106 2506 292 2558; x_wconf 86' lang='lat' dir='ltr'>ignorare</span> <span class='ocrx_word' id='word_1_297' title='bbox 314 2506 453 2546; x_wconf 88' lang='lat' dir='ltr'>omnia</span> <span class='ocrx_word' id='word_1_298' title='bbox 474 2518 577 2559; x_wconf 89' lang='lat' dir='ltr'>quae</span> <span class='ocrx_word' id='word_1_299' title='bbox 601 2504 650 2545; x_wconf 90' lang='lat' dir='ltr'>de</span> <span class='ocrx_word' id='word_1_300' title='bbox 673 2505 732 2545; x_wconf 86' lang='lat' dir='ltr'>eis</span> <span class='ocrx_word' id='word_1_301' title='bbox 755 2504 958 2547; x_wconf 90' lang='lat' dir='ltr'>dicuntur.</span> <span class='ocrx_word' id='word_1_302' title='bbox 996 2507 1050 2548; x_wconf 90' lang='lat' dir='ltr'>Hi</span> <span class='ocrx_word' id='word_1_303' title='bbox 1071 2508 1182 2547; x_wconf 90' lang='lat' dir='ltr'>enim</span> <span class='ocrx_word' id='word_1_304' title='bbox 1205 2508 1274 2561; x_wconf 90' lang='lat' dir='ltr'>qui</span> <span class='ocrx_word' id='word_1_305' title='bbox 1296 2511 1439 2548; x_wconf 88' lang='lat' dir='ltr'>contra</span> <span class='ocrx_word' id='word_1_306' title='bbox 1459 2521 1526 2548; x_wconf 87' lang='lat' dir='ltr'>eos</span> <span class='ocrx_word' id='word_1_307' title='bbox 1549 2508 1649 2547; x_wconf 86' lang='lat' dir='ltr'>scri-</span> 
     </span>
     <span class='ocr_line' id='line_1_36' title="bbox 106 2573 1650 2629; baseline 0 -15"><span class='ocrx_word' id='word_1_308' title='bbox 106 2577 291 2628; x_wconf 86' lang='lat' dir='ltr'>pserunt,</span> <span class='ocrx_word' id='word_1_309' title='bbox 311 2573 415 2614; x_wconf 88' lang='lat' dir='ltr'>nihil</span> <span class='ocrx_word' id='word_1_310' title='bbox 436 2573 531 2614; x_wconf 90' lang='lat' dir='ltr'>hinc</span> <span class='ocrx_word' id='word_1_311' title='bbox 552 2574 717 2628; x_wconf 84' lang='lat' dir='ltr'>penitus</span> <span class='ocrx_word' id='word_1_312' title='bbox 733 2578 1026 2615; x_wconf 85' lang='lat' dir='ltr'>memorarunt.</span> <span class='ocrx_word' id='word_1_313' title='bbox 1059 2574 1234 2629; x_wconf 83' lang='lat' dir='ltr'>Scripsit</span> <span class='ocrx_word' id='word_1_314' title='bbox 1255 2578 1399 2616; x_wconf 87' lang='lat' dir='ltr'>contra</span> <span class='ocrx_word' id='word_1_315' title='bbox 1414 2589 1483 2616; x_wconf 90' lang='lat' dir='ltr'>eos</span> <span class='ocrx_word' id='word_1_316' title='bbox 1500 2575 1650 2615; x_wconf 85' lang='lat' dir='ltr'>librum</span> 
     </span>
     <span class='ocr_line' id='line_1_37' title="bbox 108 2641 1650 2698; baseline 0 -16"><span class='ocrx_word' id='word_1_317' title='bbox 108 2646 276 2684; x_wconf 85' lang='lat' dir='ltr'>sanctus</span> <span class='ocrx_word' id='word_1_318' title='bbox 311 2641 454 2684; x_wconf 85' lang='lat' dir='ltr'>¹Soter</span> <span class='ocrx_word' id='word_1_319' title='bbox 487 2655 595 2697; x_wconf 87' lang='lat' dir='ltr'>papa</span> <span class='ocrx_word' id='word_1_320' title='bbox 627 2641 771 2694; x_wconf 72' lang='lat' dir='ltr'>Urbis,</span> <span class='ocrx_word' id='word_1_321' title='bbox 806 2646 848 2683; x_wconf 87' lang='lat' dir='ltr'>et</span> <span class='ocrx_word' id='word_1_322' title='bbox 879 2643 1123 2698; x_wconf 89' lang='lat' dir='ltr'>Apollonius</span> <span class='ocrx_word' id='word_1_323' title='bbox 1156 2642 1428 2697; x_wconf 87' lang='lat' dir='ltr'>Ephesiorum</span> <span class='ocrx_word' id='word_1_324' title='bbox 1464 2644 1650 2684; x_wconf 85' lang='lat' dir='ltr'>antistes.</span> 
     </span>
    </p>
   </div>
   <div class='ocr_carea' id='block_1_3' title="bbox 109 2764 1651 3038">
    <p class='ocr_par' dir='ltr' id='par_1_5' title="bbox 109 2764 1650 2943">
     <span class='ocr_line' id='line_1_38' title="bbox 175 2764 1650 2812; baseline -0.001 -12"><span class='ocrx_word' id='word_1_325' title='bbox 175 2766 257 2812; x_wconf 90' lang='lat' dir='ltr'>Cap.</span> <span class='ocrx_word' id='word_1_326' title='bbox 274 2766 387 2801; x_wconf 81' lang='lat' dir='ltr'>XXV.</span> <span class='ocrx_word' id='word_1_327' title='bbox 403 2786 446 2792; x_wconf 87' lang='lat'>—-</span> <span class='ocrx_word' id='word_1_328' title='bbox 467 2766 495 2801; x_wconf 92' lang='grc'>1.</span> <span class='ocrx_word' id='word_1_329' title='bbox 515 2766 539 2800; x_wconf 87' lang='grc' dir='ltr'>Ι.</span> <span class='ocrx_word' id='word_1_330' title='bbox 556 2764 703 2799; x_wconf 78' lang='lat' dir='ltr'>Timoth.</span> <span class='ocrx_word' id='word_1_331' title='bbox 722 2765 776 2806; x_wconf 86' lang='lat' dir='ltr'>IV,</span> <span class='ocrx_word' id='word_1_332' title='bbox 794 2765 891 2800; x_wconf 76' lang='lat'>‘2—5.</span> <span class='ocrx_word' id='word_1_333' title='bbox 962 2768 992 2800; x_wconf 74' lang='lat'>2.</span> <span class='ocrx_word' id='word_1_334' title='bbox 1011 2768 1090 2811; x_wconf 84' lang='lat' dir='ltr'>quia</span> <span class='ocrx_word' id='word_1_335' title='bbox 1108 2778 1176 2799; x_wconf 83' lang='lat' dir='ltr'>non</span> <span class='ocrx_word' id='word_1_336' title='bbox 1193 2766 1265 2801; x_wconf 66' lang='lat' dir='ltr'>MS.</span> <span class='ocrx_word' id='word_1_337' title='bbox 1284 2768 1386 2811; x_wconf 59' lang='lat' dir='ltr'>Any„</span> <span class='ocrx_word' id='word_1_338' title='bbox 1404 2773 1435 2800; x_wconf 79' lang='lat' dir='ltr'>et</span> <span class='ocrx_word' id='word_1_339' title='bbox 1451 2767 1482 2801; x_wconf 88' lang='lat' dir='ltr'>I.</span> <span class='ocrx_word' id='word_1_340' title='bbox 1500 2767 1540 2800; x_wconf 87' lang='lat' dir='ltr'>B.</span> <span class='ocrx_word' id='word_1_341' title='bbox 1560 2766 1650 2799; x_wconf 55' lang='lat' dir='ltr'>Pote-</span> 
     </span>
     <span class='ocr_line' id='line_1_39' title="bbox 109 2811 1650 2856; baseline -0.001 -12"><span class='ocrx_word' id='word_1_342' title='bbox 109 2812 168 2845; x_wconf 65' lang='grc' dir='ltr'>[εν.</span> <span class='ocrx_word' id='word_1_343' title='bbox 186 2812 284 2845; x_wconf 77' lang='lat' dir='ltr'>Eccl.</span> <span class='ocrx_word' id='word_1_344' title='bbox 303 2813 364 2847; x_wconf 82' lang='lat' dir='ltr'>Gr.</span> <span class='ocrx_word' id='word_1_345' title='bbox 381 2812 526 2846; x_wconf 75' lang='lat' dir='ltr'>Monuni.</span> <span class='ocrx_word' id='word_1_346' title='bbox 541 2812 568 2849; x_wconf 80' lang='lat' dir='ltr'>J,</span> <span class='ocrx_word' id='word_1_347' title='bbox 584 2811 702 2855; x_wconf 56' lang='lat'>[2572.</span> <span class='ocrx_word' id='word_1_348' title='bbox 722 2811 803 2855; x_wconf 84' lang='lat' dir='ltr'>quia</span> <span class='ocrx_word' id='word_1_349' title='bbox 821 2812 954 2856; x_wconf 82' lang='lat' dir='ltr'>quando</span> <span class='ocrx_word' id='word_1_350' title='bbox 972 2825 1039 2845; x_wconf 89' lang='lat' dir='ltr'>non</span> <span class='ocrx_word' id='word_1_351' title='bbox 1051 2813 1113 2845; x_wconf 83' lang='lat' dir='ltr'>Ms.</span> <span class='ocrx_word' id='word_1_352' title='bbox 1132 2813 1233 2852; x_wconf 64' lang='lat' dir='ltr'>Hem„</span> <span class='ocrx_word' id='word_1_353' title='bbox 1247 2812 1394 2846; x_wconf 61' lang='lat' dir='ltr'>Dimum.</span> <span class='ocrx_word' id='word_1_354' title='bbox 1413 2819 1444 2845; x_wconf 69' lang='lat' dir='ltr'>et</span> <span class='ocrx_word' id='word_1_355' title='bbox 1460 2814 1534 2846; x_wconf 78' lang='lat' dir='ltr'>edd.</span> <span class='ocrx_word' id='word_1_356' title='bbox 1550 2813 1650 2844; x_wconf 69' lang='lat' dir='ltr'>›Sit-m.</span> 
     </span>
     <span class='ocr_line' id='line_1_40' title="bbox 113 2856 1648 2902; baseline 0.001 -12"><span class='ocrx_word' id='word_1_357' title='bbox 113 2857 274 2892; x_wconf 75' lang='lat' dir='ltr'>Galland.</span> <span class='ocrx_word' id='word_1_358' title='bbox 343 2857 375 2891; x_wconf 88' lang='grc'>3.</span> <span class='ocrx_word' id='word_1_359' title='bbox 392 2857 489 2892; x_wconf 81' lang='lat' dir='ltr'>Rom.</span> <span class='ocrx_word' id='word_1_360' title='bbox 508 2857 599 2897; x_wconf 81' lang='lat' dir='ltr'>XIV,</span> <span class='ocrx_word' id='word_1_361' title='bbox 617 2856 648 2889; x_wconf 78' lang='grc'>3.</span> <span class='ocrx_word' id='word_1_362' title='bbox 718 2856 748 2890; x_wconf 79' lang='lat'>4.</span> <span class='ocrx_word' id='word_1_363' title='bbox 767 2857 825 2901; x_wconf 81' lang='lat' dir='ltr'>qui</span> <span class='ocrx_word' id='word_1_364' title='bbox 841 2858 912 2891; x_wconf 78' lang='lat' dir='ltr'>MS.</span> <span class='ocrx_word' id='word_1_365' title='bbox 931 2859 1038 2902; x_wconf 70' lang='grc' dir='ltr'>Αηφ,</span> <span class='ocrx_word' id='word_1_366' title='bbox 1064 2865 1094 2890; x_wconf 68' lang='lat' dir='ltr'>et</span> <span class='ocrx_word' id='word_1_367' title='bbox 1110 2858 1140 2892; x_wconf 84' lang='lat' dir='ltr'>I.</span> <span class='ocrx_word' id='word_1_368' title='bbox 1161 2858 1202 2890; x_wconf 84' lang='lat' dir='ltr'>B.</span> <span class='ocrx_word' id='word_1_369' title='bbox 1223 2858 1360 2891; x_wconf 58' lang='grc' dir='ltr'>(Ἳιίνίιψ.</span> <span class='ocrx_word' id='word_1_370' title='bbox 1383 2859 1405 2891; x_wconf 92' lang='lat' dir='ltr'>l.</span> <span class='ocrx_word' id='word_1_371' title='bbox 1423 2859 1444 2892; x_wconf 88' lang='lat' dir='ltr'>l.</span> <span class='ocrx_word' id='word_1_372' title='bbox 1458 2884 1465 2898; x_wconf 84' lang='lat'>,</span> <span class='ocrx_word' id='word_1_373' title='bbox 1492 2869 1559 2902; x_wconf 89' lang='lat' dir='ltr'>quo</span> <span class='ocrx_word' id='word_1_374' title='bbox 1577 2857 1648 2891; x_wconf 67' lang='lat' dir='ltr'>JJS.</span> 
     </span>
     <span class='ocr_line' id='line_1_41' title="bbox 109 2901 652 2943; baseline -0.002 -8"><span class='ocrx_word' id='word_1_375' title='bbox 109 2901 214 2943; x_wconf 64' lang='lat' dir='ltr'>Rem„</span> <span class='ocrx_word' id='word_1_376' title='bbox 230 2909 261 2936; x_wconf 80' lang='lat' dir='ltr'>et</span> <span class='ocrx_word' id='word_1_377' title='bbox 276 2904 351 2937; x_wconf 80' lang='lat' dir='ltr'>edd.</span> <span class='ocrx_word' id='word_1_378' title='bbox 368 2903 468 2938; x_wconf 78' lang='lat' dir='ltr'>St&#39;rm.</span> <span class='ocrx_word' id='word_1_379' title='bbox 491 2904 652 2935; x_wconf 75' lang='lat' dir='ltr'>Gallaml.</span> 
     </span>
    </p>

    <p class='ocr_par' dir='ltr' id='par_1_6' title="bbox 110 2947 1651 3038">
     <span class='ocr_line' id='line_1_42' title="bbox 176 2947 1651 2994; baseline 0 -13"><span class='ocrx_word' id='word_1_380' title='bbox 176 2947 259 2993; x_wconf 84' lang='lat' dir='ltr'>Cap.</span> <span class='ocrx_word' id='word_1_381' title='bbox 275 2948 402 2983; x_wconf 87' lang='lat' dir='ltr'>XXVI.</span> <span class='ocrx_word' id='word_1_382' title='bbox 420 2969 463 2974; x_wconf 91' lang='lat'>·—-</span> <span class='ocrx_word' id='word_1_383' title='bbox 498 2949 526 2983; x_wconf 94' lang='lat' dir='ltr'>l.</span> <span class='ocrx_word' id='word_1_384' title='bbox 545 2949 706 2980; x_wconf 69' lang='lat' dir='ltr'>Auctoris</span> <span class='ocrx_word' id='word_1_385' title='bbox 724 2951 828 2981; x_wconf 65' lang='lat' dir='ltr'>nostri</span> <span class='ocrx_word' id='word_1_386' title='bbox 843 2951 1056 2982; x_wconf 68' lang='lat' dir='ltr'>testimonium</span> <span class='ocrx_word' id='word_1_387' title='bbox 1082 2950 1122 2981; x_wconf 64' lang='lat' dir='ltr'>de&gt;</span> <span class='ocrx_word' id='word_1_388' title='bbox 1142 2948 1257 2981; x_wconf 57' lang='lat' dir='ltr'>Sam-e</span> <span class='ocrx_word' id='word_1_389' title='bbox 1280 2951 1442 2982; x_wconf 57' lang='lat' dir='ltr'>acii-ersus</span> <span class='ocrx_word' id='word_1_390' title='bbox 1461 2948 1651 2994; x_wconf 68' lang='lat' dir='ltr'>Catctphry-</span> 
     </span>
     <span class='ocr_line' id='line_1_43' title="bbox 110 2994 1648 3038; baseline 0 -12"><span class='ocrx_word' id='word_1_391' title='bbox 110 3005 174 3036; x_wconf 77' lang='lat' dir='ltr'>qas</span> <span class='ocrx_word' id='word_1_392' title='bbox 195 2995 361 3027; x_wconf 74' lang='lat' dir='ltr'>scribente</span> <span class='ocrx_word' id='word_1_393' title='bbox 379 2995 548 3038; x_wconf 63' lang='lat' dir='ltr'>probatur</span> <span class='ocrx_word' id='word_1_394' title='bbox 573 2994 742 3026; x_wconf 55' lang='lat' dir='ltr'>huda-ello</span> <span class='ocrx_word' id='word_1_395' title='bbox 764 2996 798 3024; x_wconf 74' lang='lat' dir='ltr'>in</span> <span class='ocrx_word' id='word_1_396' title='bbox 826 2994 1006 3027; x_wconf 72' lang='lat' dir='ltr'>Dissermt.</span> <span class='ocrx_word' id='word_1_397' title='bbox 1028 2995 1148 3037; x_wconf 61' lang='lat' dir='ltr'>xinyul.</span> <span class='ocrx_word' id='word_1_398' title='bbox 1174 2996 1214 3027; x_wconf 81' lang='lat' dir='ltr'>de</span> <span class='ocrx_word' id='word_1_399' title='bbox 1235 2995 1384 3028; x_wconf 59' lang='lat' dir='ltr'>success.</span> <span class='ocrx_word' id='word_1_400' title='bbox 1411 2996 1501 3028; x_wconf 81' lang='lat' dir='ltr'>Hom.</span> <span class='ocrx_word' id='word_1_401' title='bbox 1526 2994 1648 3037; x_wconf 72' lang='lat' dir='ltr'>Pontis.</span> 
     </span>
    </p>
   </div>
   <div class='ocr_carea' id='block_1_4' title="bbox 1346 3051 1381 3083">
    <p class='ocr_par' dir='ltr' id='par_1_7' title="bbox 1346 3051 1381 3083">
     <span class='ocr_line' id='line_1_44' title="bbox 1346 3051 1381 3083; baseline 0 0"><span class='ocrx_word' id='word_1_402' title='bbox 1346 3051 1381 3083; x_wconf 80' lang='lat' dir='ltr'>1ss</span> 
     </span>
    </p>
   </div>
   <div class='ocr_carea' id='block_1_5' title="bbox 1671 381 1838 414">
    <p class='ocr_par' dir='ltr' id='par_1_8' title="bbox 1671 381 1838 414">
     <span class='ocr_line' id='line_1_45' title="bbox 1671 381 1838 414; baseline -0.012 -7"><span class='ocrx_word' id='word_1_403' title='bbox 1671 381 1736 414; x_wconf 75' lang='lat' dir='ltr'>Cap.</span> <span class='ocrx_word' id='word_1_404' title='bbox 1756 381 1838 406; x_wconf 73' lang='lat' dir='ltr'>XXV.</span> 
     </span>
    </p>
   </div>
   <div class='ocr_carea' id='block_1_6' title="bbox 1675 1753 1859 1785">
    <p class='ocr_par' dir='ltr' id='par_1_9' title="bbox 1675 1753 1859 1785">
     <span class='ocr_line' id='line_1_46' title="bbox 1675 1753 1859 1785; baseline -0.011 -7"><span class='ocrx_word' id='word_1_405' title='bbox 1675 1753 1741 1785; x_wconf 73' lang='lat' dir='ltr'>Cap.</span> <span class='ocrx_word' id='word_1_406' title='bbox 1762 1754 1859 1778; x_wconf 70' lang='lat' dir='ltr'>xxvi.</span> 
     </span>
    </p>
   </div>
  </div>
 </body>
</html>
