2052 3374
635 221 685 246 DE
703 221 938 246 HAERESIBUS
957 220 1078 246 LIBER.
1574 221 1626 262 97

85 324 280 381 quicquid
295 325 444 380 poe'tae
455 324 472 348 ‘¹
489 328 531 366 et
545 324 779 381 philosophi
797 325 925 366 Stoici
937 331 950 349 θ
968 326 1245 380 suspicantur,
1265 325 1502 378 ignorantes
1520 322 1629 378 quod

82 393 204 435 homo
231 392 491 434 rationabilis
522 393 781 435 intellectum
808 392 981 434 2habeat
1008 395 1136 434 animi
1165 393 1214 434 de
1243 392 1340 446 deo,
1367 392 1411 434 id
1439 396 1503 433 est
1523 393 1628 433 scire

84 474 206 517 posse
228 460 278 502 de
300 460 376 503 deo
399 466 441 502 et
462 461 662 515 crederes,
685 475 855 503 sensum
875 466 1015 502 autem
1034 461 1160 502 habet
1182 463 1363 517 corporis
1386 475 1480 503 cum
1499 474 1626 516 pecu-

85 529 206 571 dibus
227 530 380 584 quippe
412 533 454 570 et
482 531 629 571 ceteris
657 530 747 571 aliis
776 529 1004 582 similibus,
1033 543 1136 583 quae
1159 543 1328 571 sensum
1349 530 1517 584 quidem
1538 543 1627 570 cor-

80 598 193 653 poris
209 597 361 638 habere
376 602 570 652 possunt,
587 598 846 639 intellectum
862 596 1025 638 3autem
1039 599 1168 638 animi
1185 598 1234 639 de
1254 599 1328 640 deo
1345 598 1497 640 habere
1514 597 1627 640 nullo

79 664 202 707 modo
222 669 412 721 possunt,
435 670 506 707 aut
526 667 709 707 animam
728 665 1006 707 immortalem
1027 680 1074 707 ae
1095 667 1405 720 rationabilem,
1428 672 1473 708 ut
1492 667 1629 719 homo,

81 734 152 789 qui
170 735 304 788 imago
326 737 390 775 est
411 733 478 775 dei
499 734 753 789 appellatus,
777 734 938 776 dicente
961 735 1210 789 scripturae:
1246 734 1387 777 Nolite
1403 737 1506 790 fieri
1523 737 1631 777 sicut

80 815 210 857 equus
229 809 269 843 et
285 803 442 856 mulus,
471 802 622 858 quibus
647 818 732 844 non
758 810 816 844 est
840 803 1079 844 intellectus.
1128 802 1225 844 Eth:
1255 803 1391 845 Homo
1412 807 1457 845 in
1478 804 1630 846 honore

81 884 174 912 cum
193 878 312 924 esset,
338 885 423 912 non
441 871 659 923 intellexit,
690 878 957 927 comparatus
984 878 1042 912 est
1059 870 1295 926 pecudibus·
1322 874 1562 926 insensatis,
1594 880 1631 914 et

79 939 224 980 similis
233 939 385 994 factus
406 945 464 980 eet
481 939 577 980 illis.
623 938 780 981 Sensus
806 940 945 994 itaque
974 939 1202 994 pecudum,
1230 941 1369 981 31111111
1396 946 1438 981 et
1458 955 1627 996 serpen-

79 1008 184 1048 tium
198 1005 420 1049 nobiScum
437 1008 668 1049 communis
681 1011 745 1049 est
762 1022 944 1062 corpore,
962 1007 1199 1050 intellectus
1216 1013 1355 1050 autem
1372 1009 1627 1051 solummodo

80 1078 144 1116 est
162 1075 390 1129 hominum,
410 1075 454 1116 id
475 1080 539 1117 est
557 1075 802 1121 immortalis
823 1076 1012 1117 4animae
1033 1078 1220 1132 potentia
1241 1077 1290 1119 de
1312 1083 1455 1120 sancto
1472 1080 1516 1120 in
1537 1092 1629 1120 eam

78 1143 217 1185 infusa
243 1143 429 1199 spiritui,
457 1157 561 1199 quae
586 1145 720 1198 imago
749 1144 815 1186 dei
843 1149 906 1186 est
933 1145 1160 1200 appellata,
1187 1160 1290 1200 quae
1319 1146 1406 1188 5his
1436 1147 1628 1189 omnibus

77 1213 268 1267 imperat,
288 1213 394 1266 regit
413 1227 460 1254 ac
480 1212 669 1268 possidet
688 1214 882 1254 universa
903 1215 1083 1269 copiose,
1103 1218 1150 1255 ut
1170 1216 1373 1270 scriptum
1393 1215 1496 1257 estk:
1518 1215 1632 1258 Dedi

77 1279 191 1322 vobis
213 1282 352 1322 omnia
370 1280 446 1322 sub
459 1288 676 1337 potestate.

160 1348 256 1391 Alia
275 1353 339 1390 est
356 1349 540 1391 haeresis
562 1363 666 1404 quae
689 1349 789 1391 dicit
808 1350 938 1392 malos
955 1364 1071 1404 reges
1089 1355 1129 1392 et
1144 1351 1527 1409 pseudoprophetas
1543 1367 1628 1396 non
1652 1371 1717 1404 cap.
1732 1370 1774 1397 cr.

77 1430 104 1459 a
122 1430 198 1459 sua
215 1419 357 1460 venire
379 1422 421 1459 et
440 1418 529 1459 fieri
549 1418 774 1471 voluntate,
796 1418 870 1460 sed
890 1433 915 1459 a
935 1419 1002 1460 dei
1019 1433 1088 1461 eos
1111 1421 1293 1463 iussione
1316 1422 1487 1476 lemitti,
1507 1424 1625 1477 igno-

77 1499 175 1528 rans
204 1485 314 1541 quod
338 1500 423 1528 non
451 1501 476 1527 a
503 1486 577 1528 deo
606 1486 698 1528 illos
726 1487 815 1528 fieri
839 1487 1222 1543 pseudoprophetas
1257 1494 1328 1531 aut
1352 1491 1483 1533 malos
1510 1506 1627 1546 reges

77 1555 307 1610 scripturae
328 1554 596 1607 adnuntiant,
626 1554 700 1596 sed
721 1560 865 1596 contra
885 1556 953 1598 dei
973 1556 1231 1599 voluntatem
1258 1573 1333 1600 sua
1353 1559 1564 1602 voluntate
1587 1565 1628 1602 et

77 1623 238 1664 inimici
259 1624 521 1677 suggestione
543 1623 603 1664 sic
620 1637 690 1665 eos
706 1623 900 1665 advenire
922 1624 937 1648 2
949 1624 1174 1679 declarant,
1195 1631 1241 1667 ut
1255 1627 1421 1670 Iamnes
1438 1629 1624 1671 811113111-

77 1690 199 1732 bres¹²
219 1695 364 1733 contra
383 1690 578 1746 ³Moysen
606 1696 646 1733 et
665 1692 804 1734 Aaron
833 1693 1069 1735 sacerdotes
1099 1694 1192 1735 deib
1213 1695 1290 1737 sub
1311 1697 1524 1740 Pharaone
1553 1712 1628 1740 sua

77 1763 278 1801 venerant
292 1759 519 1814 voluntate,
536 1774 631 1802 011111
648 1760 759 1802 dicat
775 1762 1019 1817 seripturac,
1039 1763 1338 1818 Reqnaverunt
1358 1781 1533 1823 nonper
1550 1782 1626 1822 me,

167 1861 199 1895 2.
215 1859 320 1896 habet
334 1860 380 1896 A.
449 1860 480 1895 3.
498 1865 614 1895 31118111
631 1874 691 1895 om.
708 1862 754 1896 A.
825 1862 856 1897 4.
877 1863 983 1897 animi
998 1864 1044 1898 A.
1114 1864 1146 1900 5.
1166 1864 1230 1899 hiis
1251 1866 1316 1901 Ba.
1336 1867 1377 1901 iis
1396 1868 1440 1911 (A
1453 1869 1493 1912 )71.

168 1906 250 1952 Cap.
268 1906 320 1941 CI.
337 1909 373 1939 in
389 1907 463 1940 abe.
487 1910 683 1952 inscriptum
710 1914 758 1940 est
784 1907 835 1941 Dr:
863 1920 982 1944 rarsrs
1012 1921 1203 1945 mopiam-18
1228 1924 1396 1948 naam-:Sis
1421 1925 1490 1948 Deo
1516 1926 1626 1950 ousta

79 1963 175 1987 MALA
191 1963 417 1987 anscmmffis.
437 1972 479 1977 —
514 1953 542 1987 1.
559 1953 700 1986 immitti
715 1953 913 1998 ignorantes
932 1956 976 1990 A.
1041 1955 1072 1991 2,
1091 1956 1241 1991 declarat
1258 1959 1303 1993 A.
1366 1958 1398 1994 3.
1416 1960 1563 2006 Moysen
1580 1961 1623 1997 Β.

76 1998 200 2034 Mosen
222 1998 362 2032 beatum
387 1998 432 2033 A.
456 1998 579 2032 Mosen
596 2000 726 2043 reliqui.

129 2112 158 2135 e.
183 2104 217 2135 et
243 2099 439 2146 philosophi
467 2100 589 2144 Stoici]
629 2100 705 2135 Non
733 2112 815 2136 sane

78 2157 215 2181 omnes:
231 2157 312 2180 nam
329 2145 528 2180 Cleanthem
544 2151 577 2180 et
590 2146 818 2192 Chrysippum

77 2193 113 2226 in
129 2192 298 2226 contraria
312 2191 420 2226 fuisse
443 2203 461 2225 ο
487 2192 601 2226 11110118
620 2193 752 2226 ostendi
775 2193 816 2227 ad

77 2237 224 2272 eundem
239 2237 386 2272 Sextum
402 2248 435 2283 p.
475 2236 506 2272 S.
555 2238 629 2280 (F.)

128 2282 152 2317 f.
176 2283 262 2317 scire
299 2293 402 2328 posse
434 2282 475 2316 de
507 2283 568 2317 deo
601 2288 634 2317 et
665 2283 815 2327 credere]

914 2102 947 2136 k.
965 2108 1002 2137 ut
1015 2104 1255 2150 scriptumest]
1277 2107 1499 2143 Genes.1.99.
1519 2109 1623 2151 »Ἰδοὺ

886 2148 1012 2182 δέδωκα
1029 2149 1102 2195 ὑμῖν
1120 2149 1223 2184 πάντα
1240 2153 1382 2198 χόρτον”
1399 2159 1462 2188 etc.
1511 2156 1584 2199 (F.)

930 2217 1010 2262 Cap.
1029 2217 1080 2252 CI.
1098 2240 1141 2245 —
1166 2231 1196 2253 a.
1223 2220 1359 2255 Iamnes
1383 2227 1416 2256 et
1434 2224 1624 2268 Mambres]

885 2262 904 2296 2
926 2263 1073 2297 Timoth.
1094 2264 1152 2298 III.
1170 2265 1200 2299 S.
1241 2267 1324 2300 Vide
1349 2268 1380 2301 si
1401 2270 1513 2313 placet
1537 2281 1625 2314 quae

78 2327 324 2373 Quemcunque
339 2328 484 2374 gradum
501 2339 621 2362 sensus
643 2330 697 2362 vel
713 2330 813 2363 ratio-

76 2374 130 2408 nis
152 2374 263 2408 brutis
285 2374 409 2419 aliquis
437 2374 580 2416 tribuat,
609 2379 725 2408 tamen
753 2376 815 2408 erit

77 2418 319 2460 confitendum,
340 2431 410 2453 non
429 2420 554 2464 attingi
576 2420 618 2453 ab
635 2420 702 2453 illis
727 2431 814 2465 quae

76 2463 120 2498 ad
126 2465 329 2509 religionem
338 2469 372 2498 et
380 2465 550 2506 virtutem,
559 2476 645 2509 quae
654 2465 695 2498 ad
702 2476 814 2499 rerum

77 2510 276 2544 coelestium
293 2514 328 2544 et
345 2520 366 2543 a
386 2521 492 2544 sensu
510 2515 719 2544 remotarum
733 2522 811 2545 con-

77 2555 350 2601 templationem,
375 2566 462 2601 quae
491 2556 532 2589 ad
555 2556 685 2599 gloriae
709 2557 812 2590 etiam

102 2606 157 2635 ost
170 2600 243 2635 fata
261 2600 442 2644 duraturae
456 2606 489 2635 et
504 2601 623 2635 beatae
639 2602 812 2636 immorta-

77 2611 182 2680 I’itatis
198 2657 316 2680 curam
331 2647 513 2692 pertinent.
560 2647 633 2690 (F.)

148 2717 156 2725 .
180 2690 312 2725 dicente
329 2692 510 2737 scriptura]
528 2691 773 2726 Psal.XXXII.
784 2693 814 2727 9.

80 2701 153 2791 ghgn
169 2736 291 2782 γίνεσθε
307 2735 351 2776 ὡς
359 2736 459 2776 ἵππος
476 2736 529 2770 καὶ
541 2736 682 2783 ἡμίονος,
696 2733 742 2776 οἷς
756 2738 814 2771 οὐκ

78 2792 144 2814 εστι
159 2781 314 2821 σῦνεσις.”
359 2782 434 2826 (F.)

99 2825 133 2860 h.
154 2825 213 2870 Et]
226 2826 317 2861 Psal.
332 2827 457 2862 XLIX.
474 2829 535 2862 ult.
556 2826 766 2872 „Qvopmnog
784 2828 814 2862 ἐν

78 2873 152 2917 τιμῆ
176 2872 220 2905 ὢν
243 2871 281 2906 οὗ
304 2875 434 2916 συνῆκε,
458 2873 724 2918 παρασυνεβλήθη
749 2877 814 2913 τοῖς

79 2908 276 2959 κτήνεσιτοῖς
291 2916 435 2961 ἀνοήτοις
450 2919 502 2952 καὶ
511 2917 664 2964 ὡμοιώθη
675 2918 815 2958 αὖτοῖς.”

79 2960 218 3006 (Fabr.)

130 3006 151 3041 i.
176 3007 216 3042 de
239 3012 359 3044 sancto
381 3009 419 3044 in
442 3020 519 3045 eam
540 3010 656 3044 infusa
678 3010 815 3056 spiritu]

80 3049 190 3099 Supra
205 3063 280 3100 cap.
296 3053 350 3090 98.
367 3059 401 3090 et
416 3055 469 3090 99.
516 3056 590 3098 (F.)

882 2308 922 2342 de
939 2307 991 2342 his
1008 2311 1125 2344 notavi
1140 2311 1176 2344 in
1189 2310 1311 2345 Codice
1324 2312 1623 2360 Pseudepigrapho

881 2354 1013 2388 Veteris
1030 2355 1121 2389 Test.
1139 2367 1218 2401 pag.
1235 2357 1311 2391 513.
1329 2370 1399 2404 seq.
1425 2359 1515 2394 Cave
1532 2362 1624 2395 enim

882 2401 1076 2434 assentiaris
1094 2402 1165 2435 viro
1184 2403 1314 2436 erudito
1333 2406 1391 2449 qui
1406 2406 1441 2439 in
1457 2406 1623 2440 Observa-

881 2445 1032 2479 tionibus
1042 2446 1156 2480 Sacris
1174 2448 1512 2493 lib.11.1›.32.et156.
1536 2452 1622 2486 Iam-

881 2501 960 2524 nem
989 2495 1023 2525 et
1043 2492 1237 2526 Mambrem
1257 2499 1356 2538 putat
1380 2507 1454 2530 esse
1482 2498 1623 2531 nomina

879 2536 959 2570 ficta
975 2535 1153 2571 hominum
1169 2539 1384 2583 ignotorum,
1399 2546 1437 2574 ut
1454 2541 1550 2576 Ploni
1566 2544 1621 2576 Al-

880 2582 975 2615 moni
1003 2582 1094 2615 Ruth
1117 2583 1174 2617 IV.
1202 2585 1229 2617 1.
1261 2586 1275 2618 l
1307 2585 1446 2620 Samuel
1468 2588 1565 2621 XXI.
1590 2589 1621 2621 3.

881 2626 1099 2671 2Reg.V1.8.
1131 2628 1229 2663 Certe
1246 2629 1372 2664 lamnis
1394 2633 1482 2666 inter
1498 2644 1620 2678 magos

881 2673 983 2756 {Ii'arlil
993 2673 1122 2761 I311nius
1132 2675 1215 2709 facit
1227 2677 1439 2711 mentionem
1446 2679 1579 2713 XXXI.
1594 2680 1620 2712 1.

934 2732 953 2750 (1
980 2731 1005 2751 Γ.

929 2775 960 2807 b.
983 2775 1176 2811 sacerdotes
1205 2777 1273 2821 dei]
1305 2780 1422 2815 Moses
1449 2781 1619 2824 sacerdos,

884 2830 950 2864 quo
976 2831 1095 2862 sensu,
1123 2823 1199 2856 vide
1231 2823 1387 2859 Grotium
1416 2827 1457 2860 ad
1483 2826 1502 2860 2
1526 2827 1618 2859 Sam.

881 2864 969 2898 vm.
997 2866 1046 2899 18.
1076 2872 1109 2899 et
1141 2868 1181 2902 de
1205 2868 1377 2925 Potestgte
1401 2873 1490 2905 circa.
1514 2872 1620 2905 Sacra

882 2921 955 2956 cap.
973 2912 1004 2944 9.
1051 2912 1126 2955 (F.)

896 2978 924 3000 0.
936 2967 1025 3000 dicat
1033 2969 1215 3014 scriptura]
1223 2971 1353 3006 Hoseae
1363 2973 1448 3006 vm.
1459 2973 1489 3007 4.
1502 2971 1618 3014 »Ἑαυ-

881 3015 948 3051 τοῖς
971 3011 1194 3058 ἐβασίλευσαν,
1213 3017 1265 3049 καὶ
1283 3017 1319 3050 οὐ
1341 3017 1372 3050 δῖ
1391 3017 1485 3063 ἐμοῦ,
1509 3015 1617 3063 ἧρξαν,

882 3057 934 3091 καὶ
947 3057 1006 3091 οὐκ
1023 3056 1196 3104 ἐγνώρισάν
1210 3062 1297 3107 μοι.”
1342 3064 1417 3107 (F.)
