<?xml version="1.0" encoding="UTF-8"?>
<!DOCTYPE html PUBLIC "-//W3C//DTD XHTML 1.0 Transitional//EN"
    "http://www.w3.org/TR/xhtml1/DTD/xhtml1-transitional.dtd">
<html xmlns="http://www.w3.org/1999/xhtml" xml:lang="en" lang="en">
 <head>
  <title>
</title>
<meta http-equiv="Content-Type" content="text/html;charset=utf-8" />
  <meta name='ocr-system' content='tesseract 3.04.00' />
  <meta name='ocr-capabilities' content='ocr_page ocr_carea ocr_par ocr_line ocrx_word'/>
</head>
<body>
  <div class='ocr_page' id='page_1' title='image "./corporishaereseo01epipuoft_0285.png"; bbox 0 0 2052 3374; ppageno 0'>
   <div class='ocr_carea' id='block_1_1' title="bbox 727 186 1641 232">
    <p class='ocr_par' dir='ltr' id='par_1_1' title="bbox 727 186 1641 232">
     <span class='ocr_line' id='line_1_1' title="bbox 727 186 1641 232; baseline 0.001 -19"><span class='ocrx_word' id='word_1_1' title='bbox 727 187 842 214; x_wconf 80' lang='lat' dir='ltr'>LIBER</span> <span class='ocrx_word' id='word_1_2' title='bbox 859 186 1005 214; x_wconf 71' lang='lat' dir='ltr'>PRIMUS.</span> <span class='ocrx_word' id='word_1_3' title='bbox 1561 189 1613 231; x_wconf 74' lang='lat'><strong>26</strong></span> <span class='ocrx_word' id='word_1_4' title='bbox 1616 189 1641 232; x_wconf 83' lang='grc'><strong>3</strong></span> 
     </span>
    </p>
   </div>
   <div class='ocr_carea' id='block_1_2' title="bbox 86 291 1647 3069">
    <p class='ocr_par' dir='ltr' id='par_1_2' title="bbox 86 291 1647 3069">
     <span class='ocr_line' id='line_1_2' title="bbox 92 291 1641 347; baseline -0.001 -12"><span class='ocrx_word' id='word_1_5' title='bbox 92 293 268 336; x_wconf 88' lang='lat' dir='ltr'><strong>ecclesia</strong></span> <span class='ocrx_word' id='word_1_6' title='bbox 286 292 578 346; x_wconf 85' lang='lat' dir='ltr'><strong>Lateranensi,</strong></span> <span class='ocrx_word' id='word_1_7' title='bbox 606 306 689 334; x_wconf 86' lang='lat' dir='ltr'><strong>una</strong></span> <span class='ocrx_word' id='word_1_8' title='bbox 708 306 808 334; x_wconf 84' lang='lat' dir='ltr'><strong>voce</strong></span> <span class='ocrx_word' id='word_1_9' title='bbox 831 295 873 333; x_wconf 90' lang='lat' dir='ltr'><strong>et</strong></span> <span class='ocrx_word' id='word_1_10' title='bbox 898 292 1075 347; x_wconf 84' lang='lat' dir='ltr'><strong>populus</strong></span> <span class='ocrx_word' id='word_1_11' title='bbox 1096 292 1307 334; x_wconf 89' lang='lat' dir='ltr'><strong>Romanus</strong></span> <span class='ocrx_word' id='word_1_12' title='bbox 1336 297 1378 334; x_wconf 93' lang='lat' dir='ltr'><strong>et</strong></span> <span class='ocrx_word' id='word_1_13' title='bbox 1405 291 1641 334; x_wconf 71' lang='lat' dir='ltr'>sacerdotes</span> 
     </span>
     <span class='ocr_line' id='line_1_3' title="bbox 91 360 1643 416; baseline -0.001 -13"><span class='ocrx_word' id='word_1_14' title='bbox 91 364 135 403; x_wconf 91' lang='lat' dir='ltr'><strong>in</strong></span> <span class='ocrx_word' id='word_1_15' title='bbox 161 361 323 404; x_wconf 89' lang='lat' dir='ltr'><strong>eisdem</strong></span> <span class='ocrx_word' id='word_1_16' title='bbox 348 361 630 402; x_wconf 83' lang='lat' dir='ltr'><strong>Iovinianistis</strong></span> <span class='ocrx_word' id='word_1_17' title='bbox 660 364 701 402; x_wconf 91' lang='lat' dir='ltr'><strong>et</strong></span> <span class='ocrx_word' id='word_1_18' title='bbox 731 363 821 416; x_wconf 92' lang='lat' dir='ltr'><strong>ipso</strong></span> <span class='ocrx_word' id='word_1_19' title='bbox 849 361 1063 404; x_wconf 86' lang='lat' dir='ltr'><strong>Ioviniano</strong></span> <span class='ocrx_word' id='word_1_20' title='bbox 1097 360 1318 403; x_wconf 89' lang='lat' dir='ltr'><strong>anathema</strong></span> <span class='ocrx_word' id='word_1_21' title='bbox 1345 361 1643 414; x_wconf 84' lang='lat' dir='ltr'><strong>clamaverunt,</strong></span> 
     </span>
     <span class='ocr_line' id='line_1_4' title="bbox 90 429 1641 486; baseline 0 -14"><span class='ocrx_word' id='word_1_22' title='bbox 90 431 135 472; x_wconf 89' lang='lat' dir='ltr'><strong>in</strong></span> <span class='ocrx_word' id='word_1_23' title='bbox 154 432 244 486; x_wconf 89' lang='lat' dir='ltr'><strong>ipso</strong></span> <span class='ocrx_word' id='word_1_24' title='bbox 267 431 385 471; x_wconf 80' lang='grc'>1111110</span> <span class='ocrx_word' id='word_1_25' title='bbox 413 429 774 484; x_wconf 80' lang='lat' dir='ltr'><strong>quadragesimae,</strong></span> <span class='ocrx_word' id='word_1_26' title='bbox 803 434 946 471; x_wconf 88' lang='lat' dir='ltr'><strong>sancto</strong></span> <span class='ocrx_word' id='word_1_27' title='bbox 967 430 1190 472; x_wconf 86' lang='lat' dir='ltr'><strong>Anastasio</strong></span> <span class='ocrx_word' id='word_1_28' title='bbox 1219 433 1412 486; x_wconf 86' lang='lat' dir='ltr'><strong>episcopo</strong></span> <span class='ocrx_word' id='word_1_29' title='bbox 1441 431 1641 472; x_wconf 79' lang='lat' dir='ltr'><strong>antistite.</strong></span> 
     </span>
     <span class='ocr_line' id='line_1_5' title="bbox 90 497 1641 554; baseline 0 -14"><span class='ocrx_word' id='word_1_30' title='bbox 90 498 279 554; x_wconf 82' lang='lat' dir='ltr'><strong>Denique</strong></span> <span class='ocrx_word' id='word_1_31' title='bbox 299 500 344 539; x_wconf 92' lang='lat' dir='ltr'><strong>in</strong></span> <span class='ocrx_word' id='word_1_32' title='bbox 364 499 456 553; x_wconf 89' lang='lat' dir='ltr'><strong>ipsa</strong></span> <span class='ocrx_word' id='word_1_33' title='bbox 477 498 717 539; x_wconf 89' lang='lat' dir='ltr'><strong>authentica</strong></span> <span class='ocrx_word' id='word_1_34' title='bbox 736 497 999 539; x_wconf 84' lang='lat' dir='ltr'><strong>hebdomada</strong></span> <span class='ocrx_word' id='word_1_35' title='bbox 1026 499 1205 553; x_wconf 80' lang='lat' dir='ltr'><strong>paschae</strong></span> <span class='ocrx_word' id='word_1_36' title='bbox 1232 501 1394 540; x_wconf 73' lang='lat' dir='ltr'><strong>inventi</strong></span> <span class='ocrx_word' id='word_1_37' title='bbox 1420 503 1518 540; x_wconf 88' lang='lat' dir='ltr'><strong>sunt</strong></span> <span class='ocrx_word' id='word_1_38' title='bbox 1541 512 1641 554; x_wconf 88' lang='lat' dir='ltr'><strong>epu-</strong></span> 
     </span>
     <span class='ocr_line' id='line_1_6' title="bbox 91 566 1642 623; baseline 0.001 -15"><span class='ocrx_word' id='word_1_39' title='bbox 91 566 226 608; x_wconf 86' lang='lat' dir='ltr'><strong>lantes</strong></span> <span class='ocrx_word' id='word_1_40' title='bbox 247 571 289 608; x_wconf 87' lang='lat' dir='ltr'><strong>et</strong></span> <span class='ocrx_word' id='word_1_41' title='bbox 307 581 524 622; x_wconf 85' lang='lat' dir='ltr'><strong>porcorum</strong></span> <span class='ocrx_word' id='word_1_42' title='bbox 547 567 740 608; x_wconf 86' lang='lat' dir='ltr'><strong>carnibus</strong></span> <span class='ocrx_word' id='word_1_43' title='bbox 762 566 973 607; x_wconf 89' lang='lat' dir='ltr'><strong>trahentes</strong></span> <span class='ocrx_word' id='word_1_44' title='bbox 995 569 1205 620; x_wconf 75' lang='lat' dir='ltr'><strong>convivia,</strong></span> <span class='ocrx_word' id='word_1_45' title='bbox 1226 570 1283 608; x_wconf 88' lang='lat' dir='ltr'><strong>ita</strong></span> <span class='ocrx_word' id='word_1_46' title='bbox 1313 573 1358 608; x_wconf 91' lang='lat' dir='ltr'><strong>ut</strong></span> <span class='ocrx_word' id='word_1_47' title='bbox 1386 582 1526 610; x_wconf 86' lang='lat' dir='ltr'><strong>assum</strong></span> <span class='ocrx_word' id='word_1_48' title='bbox 1546 582 1642 623; x_wconf 89' lang='lat' dir='ltr'><strong>por·</strong></span> 
     </span>
     <span class='ocr_line' id='line_1_7' title="bbox 92 636 1642 692; baseline 0 -14"><span class='ocrx_word' id='word_1_49' title='bbox 92 650 207 690; x_wconf 88' lang='lat' dir='ltr'><strong>cum,</strong></span> <span class='ocrx_word' id='word_1_50' title='bbox 237 649 362 691; x_wconf 90' lang='lat' dir='ltr'><strong>quem</strong></span> <span class='ocrx_word' id='word_1_51' title='bbox 380 636 426 676; x_wconf 90' lang='lat' dir='ltr'><strong>in</strong></span> <span class='ocrx_word' id='word_1_52' title='bbox 446 649 592 677; x_wconf 88' lang='lat' dir='ltr'><strong>mensa</strong></span> <span class='ocrx_word' id='word_1_53' title='bbox 613 649 755 677; x_wconf 92' lang='lat' dir='ltr'><strong>eorum</strong></span> <span class='ocrx_word' id='word_1_54' title='bbox 774 636 1042 688; x_wconf 81' lang='lat' dir='ltr'><strong>invenerant,</strong></span> <span class='ocrx_word' id='word_1_55' title='bbox 1066 636 1209 690; x_wconf 91' lang='lat' dir='ltr'><strong>populi</strong></span> <span class='ocrx_word' id='word_1_56' title='bbox 1232 637 1334 678; x_wconf 91' lang='grc'>00110</span> <span class='ocrx_word' id='word_1_57' title='bbox 1356 639 1444 678; x_wconf 86' lang='grc'>01113</span> <span class='ocrx_word' id='word_1_58' title='bbox 1466 650 1642 692; x_wconf 87' lang='lat' dir='ltr'><strong>suspen-</strong></span> 
     </span>
     <span class='ocr_line' id='line_1_8' title="bbox 93 704 1646 761; baseline 0 -14"><span class='ocrx_word' id='word_1_59' title='bbox 93 704 253 759; x_wconf 86' lang='lat' dir='ltr'><strong>derent,</strong></span> <span class='ocrx_word' id='word_1_60' title='bbox 282 708 324 746; x_wconf 86' lang='lat' dir='ltr'><strong>et</strong></span> <span class='ocrx_word' id='word_1_61' title='bbox 350 705 409 746; x_wconf 88' lang='lat' dir='ltr'><strong>ita</strong></span> <span class='ocrx_word' id='word_1_62' title='bbox 430 718 525 745; x_wconf 89' lang='lat' dir='ltr'><strong>eum</strong></span> <span class='ocrx_word' id='word_1_63' title='bbox 545 718 619 759; x_wconf 89' lang='lat' dir='ltr'><strong>per</strong></span> <span class='ocrx_word' id='word_1_64' title='bbox 638 708 768 745; x_wconf 90' lang='lat' dir='ltr'><strong>totam</strong></span> <span class='ocrx_word' id='word_1_65' title='bbox 790 705 1000 745; x_wconf 86' lang='lat' dir='ltr'><strong>civitatem</strong></span> <span class='ocrx_word' id='word_1_66' title='bbox 1020 704 1206 745; x_wconf 86' lang='lat' dir='ltr'><strong>facerent</strong></span> <span class='ocrx_word' id='word_1_67' title='bbox 1232 705 1417 746; x_wconf 88' lang='lat' dir='ltr'><strong>circuire.</strong></span> <span class='ocrx_word' id='word_1_68' title='bbox 1469 705 1646 761; x_wconf 77' lang='lat' dir='ltr'><strong>Scripsit</strong></span> 
     </span>
     <span class='ocr_line' id='line_1_9' title="bbox 93 772 1643 830; baseline 0 -15"><span class='ocrx_word' id='word_1_69' title='bbox 93 775 220 815; x_wconf 86' lang='lat' dir='ltr'><strong>etiam</strong></span> <span class='ocrx_word' id='word_1_70' title='bbox 241 776 384 815; x_wconf 88' lang='lat' dir='ltr'><strong>contra</strong></span> <span class='ocrx_word' id='word_1_71' title='bbox 403 773 477 815; x_wconf 90' lang='lat' dir='ltr'><strong>hos</strong></span> <span class='ocrx_word' id='word_1_72' title='bbox 494 773 771 827; x_wconf 80' lang='lat' dir='ltr'><strong>Hieronymus</strong></span> <span class='ocrx_word' id='word_1_73' title='bbox 791 772 1010 827; x_wconf 81' lang='lat' dir='ltr'><strong>presbyter</strong></span> <span class='ocrx_word' id='word_1_74' title='bbox 1032 777 1164 815; x_wconf 89' lang='lat' dir='ltr'><strong>certos</strong></span> <span class='ocrx_word' id='word_1_75' title='bbox 1185 773 1327 827; x_wconf 84' lang='lat' dir='ltr'><strong>libros,</strong></span> <span class='ocrx_word' id='word_1_76' title='bbox 1349 788 1451 828; x_wconf 87' lang='lat' dir='ltr'><strong>quos</strong></span> <span class='ocrx_word' id='word_1_77' title='bbox 1469 776 1538 829; x_wconf 87' lang='lat' dir='ltr'><strong>qui</strong></span> <span class='ocrx_word' id='word_1_78' title='bbox 1555 774 1643 830; x_wconf 89' lang='lat' dir='ltr'><strong>ple-</strong></span> 
     </span>
     <span class='ocr_line' id='line_1_10' title="bbox 91 841 1646 896; baseline 0.001 -13"><span class='ocrx_word' id='word_1_79' title='bbox 91 844 186 883; x_wconf 88' lang='lat' dir='ltr'><strong>nius</strong></span> <span class='ocrx_word' id='word_1_80' title='bbox 206 841 366 896; x_wconf 85' lang='lat' dir='ltr'><strong>legerit,</strong></span> <span class='ocrx_word' id='word_1_81' title='bbox 387 846 428 883; x_wconf 89' lang='lat' dir='ltr'><strong>et</strong></span> <span class='ocrx_word' id='word_1_82' title='bbox 449 845 604 896; x_wconf 88' lang='lat' dir='ltr'><strong>quanta</strong></span> <span class='ocrx_word' id='word_1_83' title='bbox 624 841 733 883; x_wconf 86' lang='lat' dir='ltr'><strong>bona</strong></span> <span class='ocrx_word' id='word_1_84' title='bbox 753 842 969 894; x_wconf 83' lang='lat' dir='ltr'><strong>virginitas</strong></span> <span class='ocrx_word' id='word_1_85' title='bbox 991 845 1031 882; x_wconf 92' lang='lat' dir='ltr'><strong>et</strong></span> <span class='ocrx_word' id='word_1_86' title='bbox 1053 844 1310 883; x_wconf 82' lang='lat' dir='ltr'><strong>continentia</strong></span> <span class='ocrx_word' id='word_1_87' title='bbox 1331 847 1371 883; x_wconf 87' lang='lat' dir='ltr'><strong>et</strong></span> <span class='ocrx_word' id='word_1_88' title='bbox 1392 842 1646 885; x_wconf 83' lang='lat' dir='ltr'><strong>abstinentia</strong></span> 
     </span>
     <span class='ocr_line' id='line_1_11' title="bbox 90 909 1644 967; baseline 0.001 -16"><span class='ocrx_word' id='word_1_89' title='bbox 90 910 242 952; x_wconf 88' lang='lat' dir='ltr'><strong>habeat</strong></span> <span class='ocrx_word' id='word_1_90' title='bbox 257 909 395 963; x_wconf 79' lang='lat' dir='ltr'><strong>discit,</strong></span> <span class='ocrx_word' id='word_1_91' title='bbox 413 915 455 952; x_wconf 88' lang='lat' dir='ltr'><strong>et</strong></span> <span class='ocrx_word' id='word_1_92' title='bbox 469 914 622 965; x_wconf 89' lang='lat' dir='ltr'><strong>quanta</strong></span> <span class='ocrx_word' id='word_1_93' title='bbox 638 909 748 950; x_wconf 91' lang='lat' dir='ltr'><strong>mala</strong></span> <span class='ocrx_word' id='word_1_94' title='bbox 764 909 945 951; x_wconf 85' lang='lat' dir='ltr'><strong>edacitas</strong></span> <span class='ocrx_word' id='word_1_95' title='bbox 963 909 1174 951; x_wconf 81' lang='lat' dir='ltr'><strong>etluxuria</strong></span> <span class='ocrx_word' id='word_1_96' title='bbox 1187 911 1339 953; x_wconf 85' lang='lat' dir='ltr'><strong>habeat</strong></span> <span class='ocrx_word' id='word_1_97' title='bbox 1354 912 1644 967; x_wconf 85' lang='lat' dir='ltr'><strong>perhorrescit.</strong></span> 
     </span>
     <span class='ocr_line' id='line_1_12' title="bbox 177 978 1645 1037; baseline 0.001 -17"><span class='ocrx_word' id='word_1_98' title='bbox 177 978 482 1033; x_wconf 88' lang='lat' dir='ltr'><strong>Octogesimam</strong></span> <span class='ocrx_word' id='word_1_99' title='bbox 504 983 545 1019; x_wconf 93' lang='lat' dir='ltr'><strong>et</strong></span> <span class='ocrx_word' id='word_1_100' title='bbox 564 980 730 1020; x_wconf 86' lang='lat' dir='ltr'><strong>tertiam</strong></span> <span class='ocrx_word' id='word_1_101' title='bbox 750 978 956 1020; x_wconf 89' lang='lat' dir='ltr'><strong>haeresim</strong></span> <span class='ocrx_word' id='word_1_102' title='bbox 976 980 1019 1019; x_wconf 91' lang='lat' dir='ltr'><strong>in</strong></span> <span class='ocrx_word' id='word_1_103' title='bbox 1037 983 1152 1020; x_wconf 80' lang='lat' dir='ltr'><strong>sexto</strong></span> <span class='ocrx_word' id='word_1_104' title='bbox 1170 978 1274 1021; x_wconf 90' lang='lat' dir='ltr'><strong>libro</strong></span> <span class='ocrx_word' id='word_1_105' title='bbox 1293 979 1645 1037; x_wconf 84' lang='lat' dir='ltr'><strong>historiographus</strong></span> 
     </span>
     <span class='ocr_line' id='line_1_13' title="bbox 92 1047 1645 1103; baseline 0.001 -15"><span class='ocrx_word' id='word_1_106' title='bbox 92 1051 232 1089; x_wconf 89' lang='lat' dir='ltr'><strong>noster</strong></span> <span class='ocrx_word' id='word_1_107' title='bbox 248 1048 367 1103; x_wconf 90' lang='lat' dir='ltr'><strong>ponit</strong></span> <span class='ocrx_word' id='word_1_108' title='bbox 377 1047 596 1100; x_wconf 86' lang='lat' dir='ltr'><strong>Eusebius,</strong></span> <span class='ocrx_word' id='word_1_109' title='bbox 616 1061 740 1101; x_wconf 90' lang='lat' dir='ltr'><strong>quam</strong></span> <span class='ocrx_word' id='word_1_110' title='bbox 754 1060 830 1088; x_wconf 91' lang='lat' dir='ltr'><strong>nec</strong></span> <span class='ocrx_word' id='word_1_111' title='bbox 844 1047 1100 1102; x_wconf 86' lang='lat' dir='ltr'><strong>Epiphanius</strong></span> <span class='ocrx_word' id='word_1_112' title='bbox 1118 1047 1271 1089; x_wconf 90' lang='lat' dir='ltr'><strong>alicubi</strong></span> <span class='ocrx_word' id='word_1_113' title='bbox 1287 1051 1547 1102; x_wconf 70' lang='lat' dir='ltr'><strong>memoravit,</strong></span> <span class='ocrx_word' id='word_1_114' title='bbox 1566 1063 1645 1091; x_wconf 91' lang='lat' dir='ltr'><strong>nec</strong></span> 
     </span>
     <span class='ocr_line' id='line_1_14' title="bbox 91 1115 1643 1170; baseline 0 -12"><span class='ocrx_word' id='word_1_115' title='bbox 91 1115 344 1170; x_wconf 77' lang='lat' dir='ltr'><strong>Polycrates,</strong></span> <span class='ocrx_word' id='word_1_116' title='bbox 366 1130 441 1158; x_wconf 90' lang='lat' dir='ltr'><strong>nec</strong></span> <span class='ocrx_word' id='word_1_117' title='bbox 462 1116 699 1169; x_wconf 88' lang='lat' dir='ltr'><strong>Africanus,</strong></span> <span class='ocrx_word' id='word_1_118' title='bbox 720 1129 797 1157; x_wconf 89' lang='lat' dir='ltr'><strong>nec</strong></span> <span class='ocrx_word' id='word_1_119' title='bbox 820 1115 1040 1169; x_wconf 86' lang='lat' dir='ltr'><strong>Hesiodus,</strong></span> <span class='ocrx_word' id='word_1_120' title='bbox 1069 1118 1140 1170; x_wconf 90' lang='lat' dir='ltr'><strong>qui</strong></span> <span class='ocrx_word' id='word_1_121' title='bbox 1162 1117 1316 1158; x_wconf 88' lang='lat' dir='ltr'><strong>Graeco</strong></span> <span class='ocrx_word' id='word_1_122' title='bbox 1339 1131 1528 1159; x_wconf 90' lang='lat' dir='ltr'><strong>sermone</strong></span> <span class='ocrx_word' id='word_1_123' title='bbox 1550 1120 1643 1159; x_wconf 90' lang='lat' dir='ltr'><strong>uni-</strong></span> 
     </span>
     <span class='ocr_line' id='line_1_15' title="bbox 91 1184 1643 1227; baseline -0.001 -1"><span class='ocrx_word' id='word_1_124' title='bbox 91 1198 233 1226; x_wconf 86' lang='lat' dir='ltr'><strong>versas</strong></span> <span class='ocrx_word' id='word_1_125' title='bbox 254 1184 448 1226; x_wconf 87' lang='lat' dir='ltr'><strong>haereses</strong></span> <span class='ocrx_word' id='word_1_126' title='bbox 470 1184 754 1227; x_wconf 88' lang='lat' dir='ltr'><strong>describentes</strong></span> <span class='ocrx_word' id='word_1_127' title='bbox 782 1184 994 1226; x_wconf 80' lang='lat' dir='ltr'><strong>volumina</strong></span> <span class='ocrx_word' id='word_1_128' title='bbox 1012 1184 1238 1226; x_wconf 88' lang='lat' dir='ltr'><strong>multorum</strong></span> <span class='ocrx_word' id='word_1_129' title='bbox 1267 1185 1488 1227; x_wconf 85' lang='lat' dir='ltr'><strong>condidere</strong></span> <span class='ocrx_word' id='word_1_130' title='bbox 1517 1186 1643 1227; x_wconf 87' lang='lat' dir='ltr'><strong>libro—</strong></span> 
     </span>
     <span class='ocr_line' id='line_1_16' title="bbox 91 1253 1646 1308; baseline 0.002 -14"><span class='ocrx_word' id='word_1_131' title='bbox 91 1267 195 1295; x_wconf 90' lang='lat' dir='ltr'><strong>rum.</strong></span> <span class='ocrx_word' id='word_1_132' title='bbox 239 1253 290 1294; x_wconf 93' lang='lat' dir='ltr'><strong>In</strong></span> <span class='ocrx_word' id='word_1_133' title='bbox 310 1258 426 1295; x_wconf 82' lang='lat' dir='ltr'><strong>sexto</strong></span> <span class='ocrx_word' id='word_1_134' title='bbox 447 1255 602 1308; x_wconf 87' lang='lat' dir='ltr'><strong>itaque,</strong></span> <span class='ocrx_word' id='word_1_135' title='bbox 622 1258 668 1295; x_wconf 88' lang='lat' dir='ltr'><strong>ut</strong></span> <span class='ocrx_word' id='word_1_136' title='bbox 685 1254 785 1306; x_wconf 74' lang='lat' dir='ltr'><strong>dixi,</strong></span> <span class='ocrx_word' id='word_1_137' title='bbox 806 1253 910 1294; x_wconf 92' lang='lat' dir='ltr'><strong>libro</strong></span> <span class='ocrx_word' id='word_1_138' title='bbox 928 1258 1068 1294; x_wconf 86' lang='lat' dir='ltr'><strong>narrat</strong></span> <span class='ocrx_word' id='word_1_139' title='bbox 1083 1253 1301 1308; x_wconf 87' lang='lat' dir='ltr'><strong>Eusebius,</strong></span> <span class='ocrx_word' id='word_1_140' title='bbox 1323 1268 1413 1296; x_wconf 82' lang='lat' dir='ltr'><strong>esse</strong></span> <span class='ocrx_word' id='word_1_141' title='bbox 1430 1257 1474 1296; x_wconf 92' lang='lat' dir='ltr'><strong>in</strong></span> <span class='ocrx_word' id='word_1_142' title='bbox 1490 1255 1646 1297; x_wconf 88' lang='lat' dir='ltr'><strong>Arabia</strong></span> 
     </span>
     <span class='ocr_line' id='line_1_17' title="bbox 91 1322 1644 1378; baseline 0.002 -15"><span class='ocrx_word' id='word_1_143' title='bbox 91 1322 339 1375; x_wconf 80' lang='lat' dir='ltr'><strong>haereticos,</strong></span> <span class='ocrx_word' id='word_1_144' title='bbox 362 1336 537 1377; x_wconf 88' lang='lat' dir='ltr'><strong>quorum</strong></span> <span class='ocrx_word' id='word_1_145' title='bbox 559 1324 655 1377; x_wconf 89' lang='lat' dir='ltr'><strong>quia</strong></span> <span class='ocrx_word' id='word_1_146' title='bbox 671 1326 883 1364; x_wconf 88' lang='lat' dir='ltr'><strong>auctorem</strong></span> <span class='ocrx_word' id='word_1_147' title='bbox 906 1336 990 1363; x_wconf 91' lang='lat' dir='ltr'><strong>non</strong></span> <span class='ocrx_word' id='word_1_148' title='bbox 1005 1326 1222 1376; x_wconf 89' lang='lat' dir='ltr'><strong>memorat,</strong></span> <span class='ocrx_word' id='word_1_149' title='bbox 1243 1337 1318 1364; x_wconf 91' lang='lat' dir='ltr'><strong>nos</strong></span> <span class='ocrx_word' id='word_1_150' title='bbox 1336 1338 1557 1378; x_wconf 84' lang='lat' dir='ltr'><strong>possumus</strong></span> <span class='ocrx_word' id='word_1_151' title='bbox 1575 1339 1644 1366; x_wconf 89' lang='lat' dir='ltr'><strong>eos</strong></span> 
     </span>
     <span class='ocr_line' id='line_1_18' title="bbox 92 1390 1644 1448; baseline 0.001 -16"><span class='ocrx_word' id='word_1_152' title='bbox 92 1404 333 1447; x_wconf 89' lang='lat' dir='ltr'><strong>nuncupare</strong></span> <span class='ocrx_word' id='word_1_153' title='bbox 360 1391 582 1433; x_wconf 86' lang='lat' dir='ltr'><strong>Arabicos:</strong></span> <span class='ocrx_word' id='word_1_154' title='bbox 618 1392 692 1445; x_wconf 93' lang='lat' dir='ltr'><strong>Hi,</strong></span> <span class='ocrx_word' id='word_1_155' title='bbox 721 1392 878 1445; x_wconf 88' lang='lat' dir='ltr'><strong>inquit,</strong></span> <span class='ocrx_word' id='word_1_156' title='bbox 914 1390 1056 1432; x_wconf 91' lang='lat' dir='ltr'><strong>dicunt</strong></span> <span class='ocrx_word' id='word_1_157' title='bbox 1083 1393 1243 1433; x_wconf 86' lang='lat' dir='ltr'><strong>animas</strong></span> <span class='ocrx_word' id='word_1_158' title='bbox 1280 1406 1374 1434; x_wconf 88' lang='lat' dir='ltr'><strong>cum</strong></span> <span class='ocrx_word' id='word_1_159' title='bbox 1403 1393 1644 1448; x_wconf 87' lang='lat' dir='ltr'><strong>corporibus</strong></span> 
     </span>
     <span class='ocr_line' id='line_1_19' title="bbox 91 1459 1644 1516; baseline 0.001 -14"><span class='ocrx_word' id='word_1_160' title='bbox 91 1462 197 1502; x_wconf 93' lang='lat' dir='ltr'><strong>mori</strong></span> <span class='ocrx_word' id='word_1_161' title='bbox 217 1464 340 1515; x_wconf 86' lang='lat' dir='ltr'><strong>atque</strong></span> <span class='ocrx_word' id='word_1_162' title='bbox 362 1459 555 1513; x_wconf 80' lang='lat' dir='ltr'><strong>dissolvi,</strong></span> <span class='ocrx_word' id='word_1_163' title='bbox 577 1464 618 1501; x_wconf 93' lang='lat' dir='ltr'><strong>et</strong></span> <span class='ocrx_word' id='word_1_164' title='bbox 638 1462 682 1501; x_wconf 91' lang='lat' dir='ltr'><strong>in</strong></span> <span class='ocrx_word' id='word_1_165' title='bbox 704 1460 785 1501; x_wconf 84' lang='lat' dir='ltr'><strong>fine</strong></span> <span class='ocrx_word' id='word_1_166' title='bbox 814 1459 967 1501; x_wconf 89' lang='lat' dir='ltr'><strong>saeculi</strong></span> <span class='ocrx_word' id='word_1_167' title='bbox 989 1463 1210 1514; x_wconf 87' lang='lat' dir='ltr'><strong>utrumque</strong></span> <span class='ocrx_word' id='word_1_168' title='bbox 1237 1462 1432 1516; x_wconf 86' lang='lat' dir='ltr'><strong>reparari.</strong></span> <span class='ocrx_word' id='word_1_169' title='bbox 1465 1461 1549 1503; x_wconf 80' lang='lat' dir='ltr'><strong>Sed</strong></span> <span class='ocrx_word' id='word_1_170' title='bbox 1568 1461 1644 1504; x_wconf 87' lang='lat' dir='ltr'><strong>hos</strong></span> 
     </span>
     <span class='ocr_line' id='line_1_20' title="bbox 94 1528 1426 1585; baseline 0 -14"><span class='ocrx_word' id='word_1_171' title='bbox 94 1529 373 1585; x_wconf 89' lang='lat' dir='ltr'><strong>disputatione</strong></span> <span class='ocrx_word' id='word_1_172' title='bbox 395 1528 575 1583; x_wconf 86' lang='lat' dir='ltr'><strong>Originis</strong></span> <span class='ocrx_word' id='word_1_173' title='bbox 596 1542 747 1583; x_wconf 84' lang='lat' dir='ltr'><strong>magna</strong></span> <span class='ocrx_word' id='word_1_174' title='bbox 766 1532 969 1569; x_wconf 89' lang='lat' dir='ltr'><strong>memorat</strong></span> <span class='ocrx_word' id='word_1_175' title='bbox 990 1542 1040 1569; x_wconf 79' lang='lat' dir='ltr'><strong>ex</strong></span> <span class='ocrx_word' id='word_1_176' title='bbox 1060 1533 1177 1583; x_wconf 88' lang='lat' dir='ltr'><strong>parte</strong></span> <span class='ocrx_word' id='word_1_177' title='bbox 1199 1535 1426 1571; x_wconf 68' lang='lat' dir='ltr'><strong>revocatos.</strong></span> 
     </span>
     <span class='ocr_line' id='line_1_21' title="bbox 177 1597 1644 1654; baseline 0.001 -14"><span class='ocrx_word' id='word_1_178' title='bbox 177 1597 484 1652; x_wconf 85' lang='lat' dir='ltr'><strong>Octogesimam</strong></span> <span class='ocrx_word' id='word_1_179' title='bbox 513 1602 553 1639; x_wconf 89' lang='lat' dir='ltr'><strong>et</strong></span> <span class='ocrx_word' id='word_1_180' title='bbox 580 1602 770 1652; x_wconf 86' lang='lat' dir='ltr'><strong>quartam</strong></span> <span class='ocrx_word' id='word_1_181' title='bbox 796 1597 1013 1638; x_wconf 86' lang='lat' dir='ltr'><strong>haeresem</strong></span> <span class='ocrx_word' id='word_1_182' title='bbox 1038 1597 1308 1640; x_wconf 64' lang='lat' dir='ltr'><strong>Helmlianos</strong></span> <span class='ocrx_word' id='word_1_183' title='bbox 1338 1612 1564 1654; x_wconf 83' lang='lat' dir='ltr'><strong>occupasse</strong></span> <span class='ocrx_word' id='word_1_184' title='bbox 1593 1599 1644 1641; x_wconf 87' lang='lat' dir='ltr'><strong>ab</strong></span> 
     </span>
     <span class='ocr_line' id='line_1_22' title="bbox 92 1665 1643 1720; baseline 0.001 -12"><span class='ocrx_word' id='word_1_185' title='bbox 92 1665 284 1709; x_wconf 78' lang='lat' dir='ltr'><strong>Helvidio</strong></span> <span class='ocrx_word' id='word_1_186' title='bbox 305 1680 597 1708; x_wconf 88' lang='lat' dir='ltr'><strong>memoramus.</strong></span> <span class='ocrx_word' id='word_1_187' title='bbox 650 1667 727 1716; x_wconf 86' lang='lat' dir='ltr'><strong>Qui</strong></span> <span class='ocrx_word' id='word_1_188' title='bbox 757 1667 813 1706; x_wconf 85' lang='lat' dir='ltr'><strong>ita</strong></span> <span class='ocrx_word' id='word_1_189' title='bbox 841 1667 1071 1720; x_wconf 82' lang='lat' dir='ltr'><strong>virginitati</strong></span> <span class='ocrx_word' id='word_1_190' title='bbox 1100 1672 1268 1708; x_wconf 89' lang='lat' dir='ltr'><strong>sanctae</strong></span> <span class='ocrx_word' id='word_1_191' title='bbox 1296 1667 1450 1709; x_wconf 81' lang='lat' dir='ltr'><strong>Mariae</strong></span> <span class='ocrx_word' id='word_1_192' title='bbox 1479 1673 1643 1710; x_wconf 86' lang='lat' dir='ltr'><strong>contra-</strong></span> 
     </span>
     <span class='ocr_line' id='line_1_23' title="bbox 86 1734 1644 1789; baseline 0.001 -12"><span class='ocrx_word' id='word_1_193' title='bbox 86 1734 251 1789; x_wconf 77' lang='lat' dir='ltr'><strong>dicunt,</strong></span> <span class='ocrx_word' id='word_1_194' title='bbox 270 1739 318 1777; x_wconf 90' lang='lat' dir='ltr'><strong>ut</strong></span> <span class='ocrx_word' id='word_1_195' title='bbox 338 1749 429 1777; x_wconf 91' lang='lat' dir='ltr'><strong>eam</strong></span> <span class='ocrx_word' id='word_1_196' title='bbox 451 1735 594 1776; x_wconf 83' lang='lat' dir='ltr'><strong>dicant</strong></span> <span class='ocrx_word' id='word_1_197' title='bbox 615 1734 664 1776; x_wconf 91' lang='grc'><strong>(10</strong></span> <span class='ocrx_word' id='word_1_198' title='bbox 685 1734 835 1789; x_wconf 85' lang='lat' dir='ltr'><strong>Ioseph</strong></span> <span class='ocrx_word' id='word_1_199' title='bbox 854 1738 949 1789; x_wconf 87' lang='lat' dir='ltr'><strong>post</strong></span> <span class='ocrx_word' id='word_1_200' title='bbox 968 1736 1231 1777; x_wconf 76' lang='lat' dir='ltr'><strong>nativitatem</strong></span> <span class='ocrx_word' id='word_1_201' title='bbox 1248 1736 1401 1777; x_wconf 85' lang='lat' dir='ltr'><strong>Christi</strong></span> <span class='ocrx_word' id='word_1_202' title='bbox 1419 1736 1521 1779; x_wconf 87' lang='lat' dir='ltr'><strong>alios</strong></span> <span class='ocrx_word' id='word_1_203' title='bbox 1539 1737 1644 1779; x_wconf 79' lang='lat' dir='ltr'><strong>filios</strong></span> 
     </span>
     <span class='ocr_line' id='line_1_24' title="bbox 93 1803 1643 1860; baseline 0.002 -15"><span class='ocrx_word' id='word_1_204' title='bbox 93 1805 319 1860; x_wconf 88' lang='lat' dir='ltr'><strong>peperisse.</strong></span> <span class='ocrx_word' id='word_1_205' title='bbox 369 1804 445 1846; x_wconf 88' lang='lat' dir='ltr'><strong>Isti</strong></span> <span class='ocrx_word' id='word_1_206' title='bbox 467 1804 635 1858; x_wconf 88' lang='lat' dir='ltr'><strong>quidem</strong></span> <span class='ocrx_word' id='word_1_207' title='bbox 656 1817 808 1859; x_wconf 87' lang='lat' dir='ltr'><strong>nuper,</strong></span> <span class='ocrx_word' id='word_1_208' title='bbox 835 1803 879 1844; x_wconf 85' lang='lat' dir='ltr'><strong>id</strong></span> <span class='ocrx_word' id='word_1_209' title='bbox 907 1807 971 1844; x_wconf 87' lang='lat' dir='ltr'><strong>est</strong></span> <span class='ocrx_word' id='word_1_210' title='bbox 998 1803 1074 1844; x_wconf 91' lang='lat' dir='ltr'><strong>sub</strong></span> <span class='ocrx_word' id='word_1_211' title='bbox 1097 1803 1245 1846; x_wconf 82' lang='lat' dir='ltr'><strong>Siricio</strong></span> <span class='ocrx_word' id='word_1_212' title='bbox 1267 1805 1548 1848; x_wconf 87' lang='lat' dir='ltr'><strong>Romanorum</strong></span> <span class='ocrx_word' id='word_1_213' title='bbox 1569 1820 1643 1848; x_wconf 88' lang='lat' dir='ltr'><strong>an-</strong></span> 
     </span>
     <span class='ocr_line' id='line_1_25' title="bbox 94 1871 1643 1928; baseline 0.002 -14"><span class='ocrx_word' id='word_1_214' title='bbox 94 1874 224 1914; x_wconf 84' lang='lat' dir='ltr'><strong>tistite</strong></span> <span class='ocrx_word' id='word_1_215' title='bbox 246 1874 326 1915; x_wconf 88' lang='lat' dir='ltr'><strong>orti</strong></span> <span class='ocrx_word' id='word_1_216' title='bbox 347 1878 458 1926; x_wconf 90' lang='lat' dir='ltr'><strong>sunt,</strong></span> <span class='ocrx_word' id='word_1_217' title='bbox 479 1878 519 1914; x_wconf 91' lang='lat' dir='ltr'><strong>et</strong></span> <span class='ocrx_word' id='word_1_218' title='bbox 541 1886 615 1928; x_wconf 90' lang='lat' dir='ltr'><strong>per</strong></span> <span class='ocrx_word' id='word_1_219' title='bbox 635 1872 798 1913; x_wconf 87' lang='lat' dir='ltr'><strong>Italiam</strong></span> <span class='ocrx_word' id='word_1_220' title='bbox 819 1876 941 1926; x_wconf 89' lang='lat' dir='ltr'><strong>atque</strong></span> <span class='ocrx_word' id='word_1_221' title='bbox 960 1871 1114 1913; x_wconf 90' lang='lat' dir='ltr'><strong>Gallias</strong></span> <span class='ocrx_word' id='word_1_222' title='bbox 1137 1872 1379 1915; x_wconf 77' lang='lat' dir='ltr'><strong>direxerunt</strong></span> <span class='ocrx_word' id='word_1_223' title='bbox 1400 1888 1496 1916; x_wconf 87' lang='lat' dir='ltr'><strong>suos</strong></span> <span class='ocrx_word' id='word_1_224' title='bbox 1519 1875 1643 1917; x_wconf 85' lang='lat' dir='ltr'><strong>disci-</strong></span> 
     </span>
     <span class='ocr_line' id='line_1_26' title="bbox 93 1940 1647 1998; baseline 0.003 -15"><span class='ocrx_word' id='word_1_225' title='bbox 93 1941 226 1998; x_wconf 84' lang='lat' dir='ltr'><strong>pulos.</strong></span> <span class='ocrx_word' id='word_1_226' title='bbox 249 1941 402 1983; x_wconf 89' lang='lat' dir='ltr'><strong>Contra</strong></span> <span class='ocrx_word' id='word_1_227' title='bbox 416 1941 492 1983; x_wconf 89' lang='lat' dir='ltr'><strong>hos</strong></span> <span class='ocrx_word' id='word_1_228' title='bbox 510 1942 676 1996; x_wconf 88' lang='lat' dir='ltr'><strong>scripsit</strong></span> <span class='ocrx_word' id='word_1_229' title='bbox 697 1941 973 1994; x_wconf 66' lang='lat' dir='ltr'><strong>Hieronymus</strong></span> <span class='ocrx_word' id='word_1_230' title='bbox 991 1940 1133 1983; x_wconf 90' lang='lat' dir='ltr'><strong>doctor</strong></span> <span class='ocrx_word' id='word_1_231' title='bbox 1149 1944 1337 1997; x_wconf 78' lang='lat' dir='ltr'><strong>egregius</strong></span> <span class='ocrx_word' id='word_1_232' title='bbox 1356 1944 1368 1967; x_wconf 77' lang='lat'>¹</span> <span class='ocrx_word' id='word_1_233' title='bbox 1380 1943 1482 1986; x_wconf 89' lang='lat' dir='ltr'><strong>duos</strong></span> <span class='ocrx_word' id='word_1_234' title='bbox 1502 1944 1647 1998; x_wconf 79' lang='lat' dir='ltr'><strong>libros,</strong></span> 
     </span>
     <span class='ocr_line' id='line_1_27' title="bbox 95 2009 1643 2065; baseline 0.002 -13"><span class='ocrx_word' id='word_1_235' title='bbox 95 2024 197 2065; x_wconf 91' lang='lat' dir='ltr'><strong>quos</strong></span> <span class='ocrx_word' id='word_1_236' title='bbox 227 2009 357 2053; x_wconf 87' lang='lat' dir='ltr'><strong>lectos</strong></span> <span class='ocrx_word' id='word_1_237' title='bbox 383 2011 426 2051; x_wconf 86' lang='lat' dir='ltr'><strong>in</strong></span> <span class='ocrx_word' id='word_1_238' title='bbox 455 2014 640 2065; x_wconf 89' lang='lat' dir='ltr'><strong>tempore</strong></span> <span class='ocrx_word' id='word_1_239' title='bbox 669 2009 792 2063; x_wconf 83' lang='lat' dir='ltr'><strong>digna</strong></span> <span class='ocrx_word' id='word_1_240' title='bbox 821 2023 890 2051; x_wconf 89' lang='grc'><strong>003</strong></span> <span class='ocrx_word' id='word_1_241' title='bbox 912 2012 1172 2052; x_wconf 78' lang='lat' dir='ltr'><strong>execratione</strong></span> <span class='ocrx_word' id='word_1_242' title='bbox 1200 2010 1643 2055; x_wconf 76' lang='lat' dir='ltr'><strong>2anathematizabant.</strong></span> 
     </span>
     <span class='ocr_line' id='line_1_28' title="bbox 94 2078 1646 2135; baseline 0.001 -14"><span class='ocrx_word' id='word_1_243' title='bbox 94 2078 351 2135; x_wconf 85' lang='lat' dir='ltr'><strong>Epiphanius</strong></span> <span class='ocrx_word' id='word_1_244' title='bbox 373 2083 512 2121; x_wconf 87' lang='lat' dir='ltr'><strong>autem</strong></span> <span class='ocrx_word' id='word_1_245' title='bbox 533 2083 686 2132; x_wconf 85' lang='lat' dir='ltr'><strong>noster,</strong></span> <span class='ocrx_word' id='word_1_246' title='bbox 714 2083 918 2120; x_wconf 89' lang='lat' dir='ltr'><strong>scrutator</strong></span> <span class='ocrx_word' id='word_1_247' title='bbox 945 2078 1262 2134; x_wconf 89' lang='lat' dir='ltr'><strong>haereticorum,</strong></span> <span class='ocrx_word' id='word_1_248' title='bbox 1290 2081 1479 2123; x_wconf 87' lang='lat' dir='ltr'><strong>scribens</strong></span> <span class='ocrx_word' id='word_1_249' title='bbox 1502 2088 1646 2125; x_wconf 88' lang='lat' dir='ltr'><strong>contra</strong></span> 
     </span>
     <span class='ocr_line' id='line_1_29' title="bbox 95 2146 1643 2205; baseline 0.003 -16"><span class='ocrx_word' id='word_1_250' title='bbox 95 2147 171 2190; x_wconf 88' lang='lat' dir='ltr'><strong>hos</strong></span> <span class='ocrx_word' id='word_1_251' title='bbox 190 2146 393 2200; x_wconf 82' lang='lat' dir='ltr'><strong>libellum,</strong></span> <span class='ocrx_word' id='word_1_252' title='bbox 421 2148 555 2202; x_wconf 90' lang='lat' dir='ltr'><strong>quiin</strong></span> <span class='ocrx_word' id='word_1_253' title='bbox 576 2147 646 2189; x_wconf 91' lang='grc'>1110</span> <span class='ocrx_word' id='word_1_254' title='bbox 668 2151 851 2202; x_wconf 85' lang='lat' dir='ltr'><strong>tempore</strong></span> <span class='ocrx_word' id='word_1_255' title='bbox 882 2146 988 2189; x_wconf 85' lang='lat' dir='ltr'><strong>hanc</strong></span> <span class='ocrx_word' id='word_1_256' title='bbox 1011 2147 1279 2204; x_wconf 86' lang='lat' dir='ltr'><strong>blasphemiis</strong></span> <span class='ocrx_word' id='word_1_257' title='bbox 1305 2149 1475 2205; x_wconf 87' lang='lat' dir='ltr'><strong>plenam</strong></span> <span class='ocrx_word' id='word_1_258' title='bbox 1501 2151 1643 2194; x_wconf 86' lang='lat' dir='ltr'><strong>adser-</strong></span> 
     </span>
     <span class='ocr_line' id='line_1_30' title="bbox 95 2216 1446 2274; baseline 0.002 -16"><span class='ocrx_word' id='word_1_259' title='bbox 95 2217 252 2258; x_wconf 88' lang='lat' dir='ltr'><strong>tionem</strong></span> <span class='ocrx_word' id='word_1_260' title='bbox 272 2216 550 2271; x_wconf 88' lang='lat' dir='ltr'><strong>proferebant,</strong></span> <span class='ocrx_word' id='word_1_261' title='bbox 571 2216 938 2258; x_wconf 87' lang='lat' dir='ltr'><strong>Antidicomaritas</strong></span> <span class='ocrx_word' id='word_1_262' title='bbox 959 2230 1029 2259; x_wconf 89' lang='lat' dir='ltr'><strong>eos</strong></span> <span class='ocrx_word' id='word_1_263' title='bbox 1052 2220 1215 2259; x_wconf 89' lang='lat' dir='ltr'><strong>censuit</strong></span> <span class='ocrx_word' id='word_1_264' title='bbox 1234 2219 1446 2274; x_wconf 87' lang='lat' dir='ltr'><strong>appellari.</strong></span> 
     </span>
     <span class='ocr_line' id='line_1_31' title="bbox 181 2283 1644 2345; baseline 0.004 -19"><span class='ocrx_word' id='word_1_265' title='bbox 181 2283 485 2339; x_wconf 90' lang='lat' dir='ltr'><strong>Octogesimam</strong></span> <span class='ocrx_word' id='word_1_266' title='bbox 508 2289 547 2325; x_wconf 87' lang='lat' dir='ltr'><strong>et</strong></span> <span class='ocrx_word' id='word_1_267' title='bbox 569 2286 757 2339; x_wconf 86' lang='lat' dir='ltr'><strong>quintam</strong></span> <span class='ocrx_word' id='word_1_268' title='bbox 778 2284 992 2327; x_wconf 88' lang='lat' dir='ltr'><strong>haeresem</strong></span> <span class='ocrx_word' id='word_1_269' title='bbox 1007 2285 1248 2328; x_wconf 69' lang='lat' dir='ltr'><strong>Pater-niani</strong></span> <span class='ocrx_word' id='word_1_270' title='bbox 1264 2288 1480 2331; x_wconf 86' lang='lat' dir='ltr'><strong>inchoasse</strong></span> <span class='ocrx_word' id='word_1_271' title='bbox 1499 2289 1644 2345; x_wconf 83' lang='lat' dir='ltr'><strong>legun-</strong></span> 
     </span>
     <span class='ocr_line' id='line_1_32' title="bbox 97 2353 1644 2410; baseline 0.004 -15"><span class='ocrx_word' id='word_1_272' title='bbox 97 2358 176 2395; x_wconf 88' lang='lat' dir='ltr'><strong>tur.</strong></span> <span class='ocrx_word' id='word_1_273' title='bbox 225 2354 278 2396; x_wconf 89' lang='lat' dir='ltr'><strong>Hi</strong></span> <span class='ocrx_word' id='word_1_274' title='bbox 299 2353 515 2395; x_wconf 86' lang='lat' dir='ltr'><strong>inferiores</strong></span> <span class='ocrx_word' id='word_1_275' title='bbox 536 2353 707 2394; x_wconf 87' lang='lat' dir='ltr'><strong>humani</strong></span> <span class='ocrx_word' id='word_1_276' title='bbox 729 2356 910 2409; x_wconf 89' lang='lat' dir='ltr'><strong>corporis</strong></span> <span class='ocrx_word' id='word_1_277' title='bbox 931 2359 1071 2410; x_wconf 89' lang='lat' dir='ltr'><strong>partes</strong></span> <span class='ocrx_word' id='word_1_278' title='bbox 1093 2370 1176 2397; x_wconf 90' lang='lat' dir='ltr'><strong>non</strong></span> <span class='ocrx_word' id='word_1_279' title='bbox 1193 2369 1217 2397; x_wconf 85' lang='lat' dir='ltr'><strong>a</strong></span> <span class='ocrx_word' id='word_1_280' title='bbox 1238 2356 1329 2409; x_wconf 88' lang='lat' dir='ltr'><strong>deo,</strong></span> <span class='ocrx_word' id='word_1_281' title='bbox 1351 2357 1426 2400; x_wconf 87' lang='lat' dir='ltr'><strong>sed</strong></span> <span class='ocrx_word' id='word_1_282' title='bbox 1442 2373 1465 2399; x_wconf 91' lang='lat' dir='ltr'><strong>a</strong></span> <span class='ocrx_word' id='word_1_283' title='bbox 1482 2359 1644 2402; x_wconf 84' lang='lat' dir='ltr'><strong>diabolo</strong></span> 
     </span>
     <span class='ocr_line' id='line_1_33' title="bbox 98 2422 1646 2479; baseline 0.004 -15"><span class='ocrx_word' id='word_1_284' title='bbox 98 2422 227 2464; x_wconf 80' lang='lat' dir='ltr'><strong>factas</strong></span> <span class='ocrx_word' id='word_1_285' title='bbox 249 2423 485 2477; x_wconf 87' lang='lat' dir='ltr'><strong>opinantur,</strong></span> <span class='ocrx_word' id='word_1_286' title='bbox 514 2427 554 2463; x_wconf 87' lang='lat' dir='ltr'><strong>et</strong></span> <span class='ocrx_word' id='word_1_287' title='bbox 575 2424 759 2464; x_wconf 89' lang='lat' dir='ltr'><strong>omnium</strong></span> <span class='ocrx_word' id='word_1_288' title='bbox 780 2436 831 2464; x_wconf 80' lang='lat' dir='ltr'><strong>ex</strong></span> <span class='ocrx_word' id='word_1_289' title='bbox 850 2422 933 2464; x_wconf 92' lang='lat' dir='ltr'><strong>illis</strong></span> <span class='ocrx_word' id='word_1_290' title='bbox 955 2425 1143 2479; x_wconf 89' lang='lat' dir='ltr'><strong>partibus</strong></span> <span class='ocrx_word' id='word_1_291' title='bbox 1165 2424 1413 2478; x_wconf 83' lang='lat' dir='ltr'><strong>flagitiorum</strong></span> <span class='ocrx_word' id='word_1_292' title='bbox 1432 2426 1646 2471; x_wconf 86' lang='lat' dir='ltr'><strong>licentiam</strong></span> 
     </span>
     <span class='ocr_line' id='line_1_34' title="bbox 98 2491 1643 2552; baseline 0.004 -21"><span class='ocrx_word' id='word_1_293' title='bbox 98 2491 327 2532; x_wconf 88' lang='lat' dir='ltr'><strong>tribuentes</strong></span> <span class='ocrx_word' id='word_1_294' title='bbox 349 2492 626 2546; x_wconf 87' lang='lat' dir='ltr'><strong>impurissime</strong></span> <span class='ocrx_word' id='word_1_295' title='bbox 647 2492 804 2532; x_wconf 69' lang='lat' dir='ltr'><strong>vivunt.</strong></span> <span class='ocrx_word' id='word_1_296' title='bbox 854 2491 938 2533; x_wconf 87' lang='lat' dir='ltr'><strong>Hos</strong></span> <span class='ocrx_word' id='word_1_297' title='bbox 967 2492 1066 2534; x_wconf 89' lang='lat' dir='ltr'><strong>dum</strong></span> <span class='ocrx_word' id='word_1_298' title='bbox 1086 2493 1289 2534; x_wconf 82' lang='lat' dir='ltr'><strong>Damasus</strong></span> <span class='ocrx_word' id='word_1_299' title='bbox 1313 2494 1530 2536; x_wconf 84' lang='lat' dir='ltr'><strong>damnaret</strong></span> <span class='ocrx_word' id='word_1_300' title='bbox 1557 2499 1643 2552; x_wconf 85' lang='lat' dir='ltr'><strong>epi-</strong></span> 
     </span>
     <span class='ocr_line' id='line_1_35' title="bbox 100 2558 1645 2615; baseline 0.003 -14"><span class='ocrx_word' id='word_1_301' title='bbox 100 2572 248 2615; x_wconf 87' lang='lat' dir='ltr'><strong>scopus</strong></span> <span class='ocrx_word' id='word_1_302' title='bbox 275 2559 458 2601; x_wconf 87' lang='lat' dir='ltr'><strong>detectos</strong></span> <span class='ocrx_word' id='word_1_303' title='bbox 487 2561 530 2600; x_wconf 88' lang='lat' dir='ltr'><strong>in</strong></span> <span class='ocrx_word' id='word_1_304' title='bbox 558 2558 732 2612; x_wconf 87' lang='lat' dir='ltr'><strong>scelere,</strong></span> <span class='ocrx_word' id='word_1_305' title='bbox 759 2558 996 2603; x_wconf 89' lang='lat' dir='ltr'><strong>huiusmodi</strong></span> <span class='ocrx_word' id='word_1_306' title='bbox 1025 2561 1075 2602; x_wconf 91' lang='lat' dir='ltr'><strong>de</strong></span> <span class='ocrx_word' id='word_1_307' title='bbox 1103 2561 1168 2603; x_wconf 84' lang='lat' dir='ltr'><strong>his</strong></span> <span class='ocrx_word' id='word_1_308' title='bbox 1198 2563 1241 2602; x_wconf 90' lang='lat' dir='ltr'><strong>in</strong></span> <span class='ocrx_word' id='word_1_309' title='bbox 1270 2562 1467 2604; x_wconf 88' lang='lat' dir='ltr'><strong>relatione</strong></span> <span class='ocrx_word' id='word_1_310' title='bbox 1497 2577 1571 2606; x_wconf 87' lang='lat' dir='ltr'><strong>sua</strong></span> <span class='ocrx_word' id='word_1_311' title='bbox 1592 2565 1645 2606; x_wconf 90' lang='lat' dir='ltr'><strong>ad</strong></span> 
     </span>
     <span class='ocr_line' id='line_1_36' title="bbox 98 2627 1645 2687; baseline 0.003 -17"><span class='ocrx_word' id='word_1_312' title='bbox 98 2627 436 2670; x_wconf 84' lang='lat' dir='ltr'><strong>Valentinianum</strong></span> <span class='ocrx_word' id='word_1_313' title='bbox 463 2629 662 2669; x_wconf 88' lang='lat' dir='ltr'><strong>maiorem</strong></span> <span class='ocrx_word' id='word_1_314' title='bbox 689 2630 857 2683; x_wconf 87' lang='lat' dir='ltr'><strong>scripsit</strong></span> <span class='ocrx_word' id='word_1_315' title='bbox 886 2628 1049 2671; x_wconf 90' lang='lat' dir='ltr'><strong>dicens:</strong></span> <span class='ocrx_word' id='word_1_316' title='bbox 1086 2629 1201 2671; x_wconf 89' lang='lat' dir='ltr'><strong>Scire</strong></span> <span class='ocrx_word' id='word_1_317' title='bbox 1230 2630 1417 2673; x_wconf 77' lang='lat' dir='ltr'><strong>volumus</strong></span> <span class='ocrx_word' id='word_1_318' title='bbox 1446 2634 1645 2687; x_wconf 89' lang='lat' dir='ltr'><strong>pietatem</strong></span> 
     </span>
     <span class='ocr_line' id='line_1_37' title="bbox 99 2696 1644 2756; baseline 0.003 -18"><span class='ocrx_word' id='word_1_319' title='bbox 99 2700 281 2738; x_wconf 83' lang='lat' dir='ltr'><strong>vestram</strong></span> <span class='ocrx_word' id='word_1_320' title='bbox 307 2696 608 2738; x_wconf 80' lang='lat' dir='ltr'><strong>1Venustianos</strong></span> <span class='ocrx_word' id='word_1_321' title='bbox 629 2698 672 2738; x_wconf 92' lang='lat' dir='ltr'><strong>in</strong></span> <span class='ocrx_word' id='word_1_322' title='bbox 693 2696 847 2738; x_wconf 87' lang='lat' dir='ltr'><strong>scelere</strong></span> <span class='ocrx_word' id='word_1_323' title='bbox 867 2699 1108 2752; x_wconf 89' lang='lat' dir='ltr'><strong>turpissimo</strong></span> <span class='ocrx_word' id='word_1_324' title='bbox 1138 2697 1323 2740; x_wconf 86' lang='lat' dir='ltr'><strong>detectos</strong></span> <span class='ocrx_word' id='word_1_325' title='bbox 1344 2699 1395 2741; x_wconf 86' lang='lat' dir='ltr'><strong>ab</strong></span> <span class='ocrx_word' id='word_1_326' title='bbox 1417 2701 1644 2756; x_wconf 85' lang='lat' dir='ltr'><strong>apostolica</strong></span> 
     </span>
     <span class='ocr_line' id='line_1_38' title="bbox 160 2795 1643 2843; baseline 0.002 -12"><span class='ocrx_word' id='word_1_327' title='bbox 160 2795 242 2843; x_wconf 81' lang='lat' dir='ltr'><strong>Cap.</strong></span> <span class='ocrx_word' id='word_1_328' title='bbox 250 2796 444 2832; x_wconf 85' lang='lat' dir='ltr'>LXXXIV.</span> <span class='ocrx_word' id='word_1_329' title='bbox 454 2818 497 2822; x_wconf 97' lang='lat'><strong>—</strong></span> <span class='ocrx_word' id='word_1_330' title='bbox 518 2798 544 2831; x_wconf 93' lang='lat' dir='ltr'><strong>l.</strong></span> <span class='ocrx_word' id='word_1_331' title='bbox 559 2797 635 2830; x_wconf 69' lang='lat' dir='ltr'><strong>Non</strong></span> <span class='ocrx_word' id='word_1_332' title='bbox 651 2798 740 2837; x_wconf 74' lang='lat' dir='ltr'><strong>duo-9,</strong></span> <span class='ocrx_word' id='word_1_333' title='bbox 753 2799 812 2831; x_wconf 77' lang='lat' dir='ltr'><strong>sed</strong></span> <span class='ocrx_word' id='word_1_334' title='bbox 822 2810 918 2831; x_wconf 79' lang='lat' dir='ltr'><strong>unum</strong></span> <span class='ocrx_word' id='word_1_335' title='bbox 932 2801 1072 2843; x_wconf 72' lang='lat' dir='ltr'><strong>scripsit</strong></span> <span class='ocrx_word' id='word_1_336' title='bbox 1084 2800 1199 2832; x_wconf 77' lang='lat' dir='ltr'><strong>doctor</strong></span> <span class='ocrx_word' id='word_1_337' title='bbox 1213 2803 1375 2833; x_wconf 68' lang='lat' dir='ltr'><strong>maa-imus</strong></span> <span class='ocrx_word' id='word_1_338' title='bbox 1388 2802 1551 2834; x_wconf 61' lang='lat' dir='ltr'><strong>adi-ersus</strong></span> <span class='ocrx_word' id='word_1_339' title='bbox 1562 2801 1643 2834; x_wconf 67' lang='lat' dir='ltr'><strong>Hel-</strong></span> 
     </span>
     <span class='ocr_line' id='line_1_39' title="bbox 100 2843 1642 2890; baseline 0.003 -14"><span class='ocrx_word' id='word_1_340' title='bbox 100 2844 235 2883; x_wconf 78' lang='lat' dir='ltr'><strong>vidium,</strong></span> <span class='ocrx_word' id='word_1_341' title='bbox 247 2849 285 2876; x_wconf 80' lang='lat' dir='ltr'><strong>ut</strong></span> <span class='ocrx_word' id='word_1_342' title='bbox 295 2849 441 2877; x_wconf 71' lang='lat' dir='ltr'><strong>notatum</strong></span> <span class='ocrx_word' id='word_1_343' title='bbox 462 2843 634 2876; x_wconf 77' lang='lat' dir='ltr'><strong>Vallarsio</strong></span> <span class='ocrx_word' id='word_1_344' title='bbox 647 2846 680 2875; x_wconf 80' lang='lat' dir='ltr'><strong>in</strong></span> <span class='ocrx_word' id='word_1_345' title='bbox 691 2846 841 2887; x_wconf 57' lang='lat' dir='ltr'><strong>praefat.</strong></span> <span class='ocrx_word' id='word_1_346' title='bbox 852 2846 899 2877; x_wconf 85' lang='lat' dir='ltr'><strong>ad</strong></span> <span class='ocrx_word' id='word_1_347' title='bbox 909 2844 943 2877; x_wconf 67' lang='lat' dir='ltr'><strong>S.</strong></span> <span class='ocrx_word' id='word_1_348' title='bbox 954 2844 1152 2887; x_wconf 71' lang='lat' dir='ltr'><strong>Hieronymi</strong></span> <span class='ocrx_word' id='word_1_349' title='bbox 1166 2844 1308 2889; x_wconf 79' lang='lat' dir='ltr'><strong>Operum</strong></span> <span class='ocrx_word' id='word_1_350' title='bbox 1323 2853 1396 2880; x_wconf 76' lang='lat' dir='ltr'><strong>tom.</strong></span> <span class='ocrx_word' id='word_1_351' title='bbox 1414 2847 1442 2879; x_wconf 91' lang='lat' dir='ltr'><strong>l.</strong></span> <span class='ocrx_word' id='word_1_352' title='bbox 1448 2859 1483 2890; x_wconf 87' lang='lat' dir='ltr'><strong>p.</strong></span> <span class='ocrx_word' id='word_1_353' title='bbox 1494 2846 1642 2880; x_wconf 86' lang='lat' dir='ltr'><em>XXIII.</em></span> 
     </span>
     <span class='ocr_line' id='line_1_40' title="bbox 101 2887 1642 2932; baseline 0.004 -12"><span class='ocrx_word' id='word_1_354' title='bbox 101 2900 186 2922; x_wconf 82' lang='lat' dir='ltr'><strong>num.</strong></span> <span class='ocrx_word' id='word_1_355' title='bbox 201 2887 259 2924; x_wconf 86' lang='lat'><strong>33.</strong></span> <span class='ocrx_word' id='word_1_356' title='bbox 319 2887 421 2927; x_wconf 82' lang='lat' dir='ltr'><strong>Gall.)</strong></span> <span class='ocrx_word' id='word_1_357' title='bbox 490 2889 521 2923; x_wconf 77' lang='lat'><strong>2.</strong></span> <span class='ocrx_word' id='word_1_358' title='bbox 543 2887 881 2923; x_wconf 87' lang='lat' dir='ltr'><strong>anathematizabunt</strong></span> <span class='ocrx_word' id='word_1_359' title='bbox 896 2890 961 2924; x_wconf 69' lang='lat' dir='ltr'><strong>Ms.</strong></span> <span class='ocrx_word' id='word_1_360' title='bbox 981 2890 1069 2932; x_wconf 70' lang='lat' dir='ltr'><strong>Any.</strong></span> <span class='ocrx_word' id='word_1_361' title='bbox 1086 2889 1397 2925; x_wconf 81' lang='lat' dir='ltr'><strong>anathematizabat</strong></span> <span class='ocrx_word' id='word_1_362' title='bbox 1410 2892 1477 2926; x_wconf 78' lang='lat' dir='ltr'><strong>Ms,</strong></span> <span class='ocrx_word' id='word_1_363' title='bbox 1495 2893 1642 2926; x_wconf 75' lang='lat' dir='ltr'><strong>Dunens.</strong></span> 
     </span>
     <span class='ocr_line' id='line_1_41' title="bbox 170 2932 1642 2980; baseline 0.003 -13"><span class='ocrx_word' id='word_1_364' title='bbox 170 2932 251 2978; x_wconf 85' lang='lat' dir='ltr'><strong>Cap.</strong></span> <span class='ocrx_word' id='word_1_365' title='bbox 267 2933 294 2968; x_wconf 89' lang='lat' dir='ltr'>L</span> <span class='ocrx_word' id='word_1_366' title='bbox 333 2934 445 2969; x_wconf 86' lang='lat' dir='ltr'>XXV.</span> <span class='ocrx_word' id='word_1_367' title='bbox 466 2953 508 2959; x_wconf 91' lang='lat'><strong>—</strong></span> <span class='ocrx_word' id='word_1_368' title='bbox 538 2935 567 2969; x_wconf 92' lang='grc'><strong>1.</strong></span> <span class='ocrx_word' id='word_1_369' title='bbox 588 2935 639 2967; x_wconf 80' lang='lat' dir='ltr'><strong>De</strong></span> <span class='ocrx_word' id='word_1_370' title='bbox 662 2934 872 2968; x_wconf 72' lang='lat' dir='ltr'><strong>I&#39;enustianis</strong></span> <span class='ocrx_word' id='word_1_371' title='bbox 889 2936 1092 2979; x_wconf 73' lang='lat' dir='ltr'><strong>cerlmfacc&#39;t</strong></span> <span class='ocrx_word' id='word_1_372' title='bbox 1104 2934 1138 2969; x_wconf 87' lang='lat' dir='ltr'><strong>S.</strong></span> <span class='ocrx_word' id='word_1_373' title='bbox 1152 2936 1360 2980; x_wconf 72' lang='lat' dir='ltr'><strong>Auqustinus</strong></span> <span class='ocrx_word' id='word_1_374' title='bbox 1372 2938 1426 2970; x_wconf 72' lang='lat' dir='ltr'><strong>lib.</strong></span> <span class='ocrx_word' id='word_1_375' title='bbox 1443 2939 1482 2970; x_wconf 82' lang='lat' dir='ltr'><strong>de</strong></span> <span class='ocrx_word' id='word_1_376' title='bbox 1499 2937 1642 2973; x_wconf 67' lang='lat' dir='ltr'><strong>Haeres.</strong></span> 
     </span>
     <span class='ocr_line' id='line_1_42' title="bbox 105 2979 1644 3025; baseline 0.003 -13"><span class='ocrx_word' id='word_1_377' title='bbox 105 2989 180 3024; x_wconf 80' lang='lat' dir='ltr'><strong>cap.</strong></span> <span class='ocrx_word' id='word_1_378' title='bbox 196 2979 265 3020; x_wconf 64' lang='lat'><strong>85„</strong></span> <span class='ocrx_word' id='word_1_379' title='bbox 282 2985 314 3013; x_wconf 82' lang='lat' dir='ltr'><strong>et</strong></span> <span class='ocrx_word' id='word_1_380' title='bbox 328 2981 383 3014; x_wconf 78' lang='lat' dir='ltr'><strong>lib.</strong></span> <span class='ocrx_word' id='word_1_381' title='bbox 411 2980 449 3014; x_wconf 79' lang='lat' dir='ltr'><strong>V.</strong></span> <span class='ocrx_word' id='word_1_382' title='bbox 467 2987 584 3013; x_wconf 80' lang='lat' dir='ltr'><strong>eontra</strong></span> <span class='ocrx_word' id='word_1_383' title='bbox 603 2980 728 3013; x_wconf 78' lang='lat' dir='ltr'><strong>Iulian.</strong></span> <span class='ocrx_word' id='word_1_384' title='bbox 747 2992 823 3025; x_wconf 79' lang='lat' dir='ltr'><strong>cap.</strong></span> <span class='ocrx_word' id='word_1_385' title='bbox 844 2981 875 3014; x_wconf 93' lang='grc'><strong>7.</strong></span> <span class='ocrx_word' id='word_1_386' title='bbox 894 2993 977 3014; x_wconf 84' lang='lat' dir='ltr'><strong>num.</strong></span> <span class='ocrx_word' id='word_1_387' title='bbox 996 2980 1055 3014; x_wconf 84' lang='grc'><strong>26.</strong></span> <span class='ocrx_word' id='word_1_388' title='bbox 1103 2980 1158 3013; x_wconf 65' lang='lat' dir='ltr'><strong>El:</strong></span> <span class='ocrx_word' id='word_1_389' title='bbox 1180 2981 1241 3015; x_wconf 81' lang='lat' dir='ltr'><strong>hoc</strong></span> <span class='ocrx_word' id='word_1_390' title='bbox 1264 2989 1370 3015; x_wconf 65' lang='lat' dir='ltr'><strong>autem</strong></span> <span class='ocrx_word' id='word_1_391' title='bbox 1388 2983 1644 3017; x_wconf 73' lang='lat' dir='ltr'><strong>Pruedestinati</strong></span> 
     </span>
     <span class='ocr_line' id='line_1_43' title="bbox 103 3024 1642 3069; baseline 0.003 -12"><span class='ocrx_word' id='word_1_392' title='bbox 103 3024 174 3057; x_wconf 76' lang='lat' dir='ltr'><strong>Ioco</strong></span> <span class='ocrx_word' id='word_1_393' title='bbox 196 3031 306 3058; x_wconf 69' lang='lat' dir='ltr'><strong>censet</strong></span> <span class='ocrx_word' id='word_1_394' title='bbox 328 3025 489 3059; x_wconf 56' lang='lat' dir='ltr'><strong>Bam-ius</strong></span> <span class='ocrx_word' id='word_1_395' title='bbox 522 3025 739 3058; x_wconf 72' lang='lat' dir='ltr'><strong>Venustiunos</strong></span> <span class='ocrx_word' id='word_1_396' title='bbox 752 3028 862 3069; x_wconf 72' lang='lat' dir='ltr'><strong>juisse</strong></span> <span class='ocrx_word' id='word_1_397' title='bbox 885 3039 919 3060; x_wconf 81' lang='grc' dir='ltr'><strong>(ι.</strong></span> <span class='ocrx_word' id='word_1_398' title='bbox 936 3025 971 3060; x_wconf 82' lang='lat' dir='ltr'><strong>S.</strong></span> <span class='ocrx_word' id='word_1_399' title='bbox 991 3026 1140 3058; x_wconf 74' lang='lat' dir='ltr'><strong>Damaso</strong></span> <span class='ocrx_word' id='word_1_400' title='bbox 1165 3028 1341 3061; x_wconf 76' lang='lat' dir='ltr'><strong>damnatos</strong></span> <span class='ocrx_word' id='word_1_401' title='bbox 1363 3031 1395 3061; x_wconf 81' lang='lat' dir='ltr'><strong>in</strong></span> <span class='ocrx_word' id='word_1_402' title='bbox 1413 3030 1553 3062; x_wconf 57' lang='lat' dir='ltr'><strong>concilio</strong></span> <span class='ocrx_word' id='word_1_403' title='bbox 1576 3029 1642 3062; x_wconf 79' lang='lat' dir='ltr'><strong>Ro-</strong></span> 
     </span>
    </p>
   </div>
   <div class='ocr_carea' id='block_1_3' title="bbox 104 3070 1643 3165">
    <p class='ocr_par' dir='ltr' id='par_1_3' title="bbox 104 3070 1643 3165">
     <span class='ocr_line' id='line_1_44' title="bbox 104 3070 1643 3119; baseline 0.005 -17"><span class='ocrx_word' id='word_1_404' title='bbox 104 3081 201 3102; x_wconf 86' lang='lat' dir='ltr'><strong>mano</strong></span> <span class='ocrx_word' id='word_1_405' title='bbox 217 3070 270 3104; x_wconf 92' lang='lat' dir='ltr'><strong>II.</strong></span> <span class='ocrx_word' id='word_1_406' title='bbox 288 3083 375 3104; x_wconf 85' lang='lat' dir='ltr'><strong>anno</strong></span> <span class='ocrx_word' id='word_1_407' title='bbox 393 3070 544 3105; x_wconf 86' lang='lat' dir='ltr'><em>CCCLX</em></span> <span class='ocrx_word' id='word_1_408' title='bbox 555 3071 636 3105; x_wconf 88' lang='lat' dir='ltr'><em>VII.</em></span> <span class='ocrx_word' id='word_1_409' title='bbox 655 3076 781 3105; x_wconf 79' lang='lat' dir='ltr'><strong>coacto.</strong></span> <span class='ocrx_word' id='word_1_410' title='bbox 835 3071 918 3106; x_wconf 76' lang='lat' dir='ltr'><strong>Vide</strong></span> <span class='ocrx_word' id='word_1_411' title='bbox 934 3074 981 3104; x_wconf 75' lang='lat' dir='ltr'><strong>sis</strong></span> <span class='ocrx_word' id='word_1_412' title='bbox 999 3070 1131 3107; x_wconf 81' lang='lat' dir='ltr'><strong>Collect.</strong></span> <span class='ocrx_word' id='word_1_413' title='bbox 1149 3071 1274 3108; x_wconf 78' lang='lat' dir='ltr'><strong>Concit.</strong></span> <span class='ocrx_word' id='word_1_414' title='bbox 1291 3080 1364 3107; x_wconf 86' lang='lat' dir='ltr'><strong>tom.</strong></span> <span class='ocrx_word' id='word_1_415' title='bbox 1381 3074 1434 3108; x_wconf 90' lang='lat' dir='ltr'><strong>II.</strong></span> <span class='ocrx_word' id='word_1_416' title='bbox 1445 3087 1530 3119; x_wconf 76' lang='lat' dir='ltr'><strong>paq.</strong></span> <span class='ocrx_word' id='word_1_417' title='bbox 1548 3074 1643 3109; x_wconf 80' lang='lat'><strong><em>1038</em></strong></span> 
     </span>
     <span class='ocr_line' id='line_1_45' title="bbox 105 3114 1640 3165; baseline 0.005 -17"><span class='ocrx_word' id='word_1_418' title='bbox 105 3115 156 3150; x_wconf 81' lang='lat' dir='ltr'><strong>ed.</strong></span> <span class='ocrx_word' id='word_1_419' title='bbox 179 3114 384 3151; x_wconf 77' lang='lat' dir='ltr'><strong>Ven.-Labb.</strong></span> <span class='ocrx_word' id='word_1_420' title='bbox 403 3115 554 3152; x_wconf 78' lang='lat' dir='ltr'><strong>Ceterum</strong></span> <span class='ocrx_word' id='word_1_421' title='bbox 577 3117 617 3151; x_wconf 85' lang='lat' dir='ltr'><strong>de</strong></span> <span class='ocrx_word' id='word_1_422' title='bbox 633 3116 686 3150; x_wconf 64' lang='lat' dir='ltr'><strong>leia</strong></span> <span class='ocrx_word' id='word_1_423' title='bbox 702 3115 884 3151; x_wconf 67' lang='lat' dir='ltr'><strong>haereticis</strong></span> <span class='ocrx_word' id='word_1_424' title='bbox 899 3117 1064 3158; x_wconf 61' lang='lat' dir='ltr'><strong>consulas,</strong></span> <span class='ocrx_word' id='word_1_425' title='bbox 1086 3119 1118 3151; x_wconf 66' lang='lat' dir='ltr'><strong>ei</strong></span> <span class='ocrx_word' id='word_1_426' title='bbox 1138 3117 1234 3160; x_wconf 81' lang='lat' dir='ltr'><strong>lubet,</strong></span> <span class='ocrx_word' id='word_1_427' title='bbox 1252 3120 1294 3154; x_wconf 86' lang='lat' dir='ltr'><strong>cl.</strong></span> <span class='ocrx_word' id='word_1_428' title='bbox 1318 3119 1567 3165; x_wconf 67' lang='lat' dir='ltr'><strong>Wesselinqium</strong></span> <span class='ocrx_word' id='word_1_429' title='bbox 1584 3121 1640 3155; x_wconf 82' lang='lat' dir='ltr'><strong>lib.</strong></span> 
     </span>
    </p>
   </div>
   <div class='ocr_carea' id='block_1_4' title="bbox 1671 919 1914 954">
    <p class='ocr_par' dir='ltr' id='par_1_4' title="bbox 1671 919 1914 954">
     <span class='ocr_line' id='line_1_46' title="bbox 1671 919 1914 954; baseline -0.004 -8"><span class='ocrx_word' id='word_1_430' title='bbox 1671 920 1737 954; x_wconf 84' lang='lat' dir='ltr'><strong>Cap.</strong></span> <span class='ocrx_word' id='word_1_431' title='bbox 1760 919 1914 947; x_wconf 75' lang='lat' dir='ltr'><strong>LXXXIII.</strong></span> 
     </span>
    </p>
   </div>
   <div class='ocr_carea' id='block_1_5' title="bbox 1671 1549 1904 1583">
    <p class='ocr_par' dir='ltr' id='par_1_5' title="bbox 1671 1549 1904 1583">
     <span class='ocr_line' id='line_1_47' title="bbox 1671 1549 1904 1583; baseline 0.004 -8"><span class='ocrx_word' id='word_1_432' title='bbox 1671 1549 1737 1583; x_wconf 80' lang='lat' dir='ltr'><strong>Cap.</strong></span> <span class='ocrx_word' id='word_1_433' title='bbox 1755 1549 1904 1576; x_wconf 64' lang='grc' dir='ltr'><strong>13111111·ὅ</strong></span> 
     </span>
    </p>
   </div>
   <div class='ocr_carea' id='block_1_6' title="bbox 1672 2237 1890 2273">
    <p class='ocr_par' dir='ltr' id='par_1_6' title="bbox 1672 2237 1890 2273">
     <span class='ocr_line' id='line_1_48' title="bbox 1672 2237 1890 2273; baseline 0 -8"><span class='ocrx_word' id='word_1_434' title='bbox 1672 2238 1737 2273; x_wconf 73' lang='lat' dir='ltr'><strong>Cap.</strong></span> <span class='ocrx_word' id='word_1_435' title='bbox 1757 2237 1890 2265; x_wconf 73' lang='lat' dir='ltr'>Lxxxv.</span> 
     </span>
    </p>
   </div>
  </div>
 </body>
</html>
