2052 3374
763 185 878 211 LIBER
896 185 1040 211 ramus.
1589 185 1669 227 239

126 289 308 332 ostendit
328 289 430 332 deus
451 290 569 343 signa
595 291 817 344 virtutum,
847 290 997 345 quibus
1029 303 1073 331 se
1103 289 1238 331 solum
1268 288 1391 331 deum
1421 287 1669 332 ostenderet.

124 357 454 413 Adquiescentes
474 359 641 401 veritati
656 360 825 414 recepit,
848 358 1142 401 dissentientes
1158 371 1254 400 vero
1271 362 1440 400 aeterna
1455 356 1669 400 abomina-

124 427 237 468 tione
255 427 431 482 punivit.

207 495 349 538 Prima
370 500 411 538 et
429 497 629 538 vicesima
647 496 830 537 haeresis
853 510 877 536 a
894 495 1104 537 Marcione
1126 499 1214 537 orta
1235 500 1310 538 est.
1356 496 1446 538 Duo
1467 496 1674 552 principia

125 563 253 606 fuisse
275 565 494 607 confirmat
512 565 612 607 boni
631 568 673 605 et
692 563 802 606 mali.
843 564 975 614 Quem
993 564 1250 619 Epiphanius
1272 566 1350 606 tria
1372 564 1538 607 dicebat
1556 565 1672 620 prin-

126 632 236 688 cipia
255 633 461 687 docuisse,
481 633 595 686 boni,
615 634 728 686 iusti,
751 637 791 674 et
810 634 947 688 pravi:
970 632 1044 674 sed
1062 632 1267 674 Eusebius
1289 633 1302 657 ¹
1315 633 1520 687 Synerum
1541 646 1672 688 quen-

127 700 238 756 dam,
257 715 342 744 non
360 702 636 755 Marcionem,
656 703 782 743 trium
802 701 1102 757 principiorum
1122 706 1247 756 atque
1268 705 1510 744 naturarum
1530 702 1674 744 scribit

125 774 348 812 auctorem.
393 769 707 823 2Marcionitae,
735 783 829 812 cum
848 770 1128 811 universalem
1149 770 1321 811 orientis
1342 770 1564 812 ecclesiam
1584 785 1672 812 ma-

126 838 326 893 cularent,
345 839 397 881 ab
419 838 595 893 Origene
617 838 813 895 superati,
834 838 1035 880 confutati
1056 843 1097 880 et
1116 852 1191 895 per
1211 838 1393 892 singulas
1415 845 1513 881 sunt
1528 841 1673 882 civita—

124 911 189 950 tes
211 907 410 950 damnati.
449 908 556 950 Item
574 912 671 964 post
689 907 924 962 aliquantos
945 921 1076 949 annos
1098 909 1183 949 iam
1204 907 1356 949 devicti
1377 912 1500 963 atque
1523 908 1675 950 detecti

124 977 170 1018 in
187 976 397 1018 Africanis
417 976 604 1032 partibus
630 976 911 1032 pullulabant;
943 990 1046 1031 quos
1067 976 1349 1019 Tertullianus
1376 977 1512 1018 modis
1540 978 1673 1019 omni-

126 1044 202 1086 bus
222 1047 282 1087 ita
302 1045 496 1100 obtinuit,
515 1049 562 1087 ut
581 1046 694 1101 ipsos
715 1045 872 1087 faceret
892 1050 1035 1087 contra
1056 1050 1214 1088 sectam
1235 1059 1352 1087 suam
1367 1045 1532 1102 publice
1554 1060 1673 1102 prae-

126 1113 276 1156 dicare.

207 1183 419 1225 Vicesima
438 1183 622 1225 secunda
641 1182 826 1225 haeresis
846 1183 1125 1239 Apellitarum
1153 1187 1237 1238 est,
1266 1198 1441 1238 quorum
1468 1187 1532 1225 est
1556 1185 1674 1239 prin-

125 1265 223 1308 ceps
243 1251 434 1307 Apelles,
462 1253 533 1307 qui
561 1251 664 1294 duos
693 1251 862 1306 quidem
882 1252 1108 1294 introducit
1129 1252 1250 1307 deos,
1279 1252 1352 1294 sed
1371 1267 1502 1295 unum
1522 1252 1675 1295 fatetur

123 1321 397 1376 principium,
416 1320 495 1362 hoc
517 1324 582 1362 est
601 1320 798 1374 1bonum,
826 1324 867 1362 et
887 1320 938 1363 ab
960 1322 1050 1377 ipso
1073 1322 1230 1363 factum
1250 1321 1444 1376 alterum,
1472 1321 1517 1363 id
1538 1325 1601 1363 est
1622 1321 1672 1363 ab

123 1389 215 1446 ipso
235 1402 318 1431 uno
338 1390 544 1445 principio
566 1388 743 1431 alterum
762 1389 920 1431 sactum
941 1394 1018 1431 est.
1064 1390 1182 1441 Quod
1203 1404 1299 1432 cum
1316 1390 1545 1444 malignum
1566 1394 1676 1432 esset

123 1459 363 1511 inventum,
389 1472 415 1499 a
439 1458 548 1500 bono
576 1458 787 1500 abiectum
815 1462 896 1509 est3
929 1459 1139 1500 abiectum
1164 1473 1261 1501 vero
1289 1474 1314 1500 a
1339 1459 1448 1501 bono
1470 1461 1673 1516 principio

123 1525 203 1569 hoc
223 1526 496 1582 principium,
524 1527 633 1581 quod
653 1526 959 1581 malignabatur
980 1533 1124 1570 contra
1151 1527 1249 1570 boni
1268 1529 1463 1583 principii
1483 1528 1673 1570 volunta·

124 1599 224 1649 tem,
241 1596 288 1636 in
307 1609 383 1636 sua
408 1595 666 1649 malignitate
693 1596 898 1638 mundum
924 1596 1036 1637 fecit.
1086 1596 1188 1638 Inde
1217 1602 1281 1638 est
1309 1597 1418 1652 quod
1445 1596 1499 1638 ad
1517 1597 1674 1640 malum

124 1677 201 1706 nos
221 1665 496 1719 promptiores
518 1678 642 1719 quam
663 1664 715 1706 ad
737 1664 892 1706 bonum
911 1670 1060 1706 natura
1081 1667 1359 1720 consequitur,
1381 1671 1421 1706 et
1435 1666 1530 1722 plus
1551 1668 1595 1708 in
1610 1667 1673 1708 vi-

124 1733 210 1786 tiis,
230 1733 386 1788 inquit,
408 1746 532 1788 quam
550 1733 598 1775 in
616 1733 842 1775 virtutibus
865 1733 1106 1775 delectatur.
1154 1734 1380 1776 Dominum
1399 1739 1588 1777 nostrum
1607 1735 1672 1777 Ie-

128 1814 223 1843 sum
243 1800 454 1844 Christum
475 1802 675 1843 adserunt
696 1816 863 1844 carnem
879 1816 929 1844 ex
946 1802 1162 1844 elementis
1181 1804 1428 1859 suscepisse,
1450 1818 1573 1859 quam
1589 1806 1674 1846 aeri

123 1869 308 1912 reddidit
328 1869 428 1911 dum
447 1871 704 1923 ascenderet,
727 1875 767 1912 et
789 1873 875 1912 sine
900 1885 948 1913 ea
968 1873 1137 1913 intravit
1157 1873 1201 1914 111
1223 1872 1394 1914 caelum.
1425 1873 1511 1915 Hos
1530 1873 1671 1928 Orige-

124 1951 200 1981 nes
218 1938 279 1980 ita
297 1939 478 1995 perfecte
501 1942 725 1995 superavit,
746 1945 792 1980 ut
813 1954 954 1982 eorum
975 1955 1100 1982 causa
1114 1941 1374 1996 periodeutes
1392 1942 1522 1995 fieret,
1545 1946 1585 1984 et
1599 1957 1674 1998 per

126 2007 309 2062 singulas
331 2021 515 2063 quasque
543 2009 666 2050 urbes
695 2022 770 2063 per
801 2011 1002 2051 orientem
1029 2009 1163 2051 eundo
1185 2010 1456 2066 praedicaret.
1504 2011 1557 2053 Et
1577 2013 1674 2066 quia

122 2076 445 2118 innumerabilia
472 2082 569 2118 sunt
594 2081 866 2119 tractatorum
893 2079 980 2120 eius
1009 2078 1238 2132 volumina,
1266 2080 1464 2121 haeretici
1491 2080 1672 2136 superati

123 2144 252 2189 libros
280 2147 368 2187 eius
396 2145 449 2187 ad
477 2159 572 2187 suos
601 2145 744 2187 libitus
774 2146 1043 2188 callidissima
1069 2150 1426 2201 argumentatione
1446 2153 1673 2202 mutarunt,

123 2217 171 2255 ut
189 2227 292 2269 quos
312 2213 468 2256 vellent
489 2214 681 2269 decipere
704 2214 891 2256 dicerent
917 2217 976 2256 ita
997 2216 1216 2269 Origenem
1237 2218 1323 2258 suis
1345 2217 1672 2273 expositionibus

126 2281 336 2324 definisse.
368 2281 489 2325 Unde
508 2283 756 2338 quicumque
774 2297 904 2338 usque
920 2284 1042 2326 hodie
1061 2285 1283 2339 Origenem
1298 2285 1410 2340 legit,
1428 2288 1463 2328 si
1478 2286 1673 2342 prudenti

124 2363 221 2392 eum
239 2352 357 2392 novit
376 2352 620 2392 recitatione
643 2350 919 2405 distinguere,
948 2353 1221 2408 deprehendit
1248 2354 1340 2397 loca
1369 2355 1420 2397 ab
1450 2355 1671 2397 haereticis

123 2419 342 2461 maculata.
385 2419 503 2470 Quod
523 2421 580 2461 ita
601 2433 693 2461 esse
715 2425 884 2463 sanctus
905 2419 1171 2477 ²Pamphilus
1192 2428 1350 2477 martyr
1369 2424 1414 2465 in
1434 2438 1508 2466 suo
1529 2424 1669 2480 apolo-

123 2489 256 2541 getico
276 2488 513 2530 declaravit.

206 2556 417 2599 Vicesima
437 2558 559 2598 tertia
577 2557 760 2599 haeresis
783 2559 1135 2601 Cerdonianorum
1154 2574 1179 2601 a
1199 2559 1385 2601 Cerdone
1415 2561 1525 2616 cepit
1552 2575 1671 2603 exor-

125 2623 259 2679 dium,
284 2627 356 2681 qui
381 2625 462 2668 duo
489 2627 694 2682 principia
721 2627 802 2668 sibi
829 2627 1092 2671 adversantia
1120 2628 1433 2682 dogmatizavit,
1467 2628 1670 2684 deumque

191 2731 273 2778 Cap.
289 2732 389 2767 XXI.
406 2752 448 2757 —
468 2733 496 2766 1.
515 2733 688 2777 Synerum
705 2734 778 2767 MS.
796 2735 903 2780 Any„
922 2742 957 2769 ut
972 2743 1003 2768 et
1019 2736 1112 2779 apud
1128 2735 1318 2770 Eusebium.
1368 2735 1451 2769 Vide
1474 2739 1521 2769 sis
1547 2736 1669 2770 Cntele-

125 2780 213 2811 rium
227 2780 277 2812 ad
293 2778 432 2813 Constit.
450 2780 600 2824 Apostol.
621 2780 677 2812 lib.
704 2779 766 2820 VI,
784 2793 860 2826 cap.
879 2781 910 2815 S.
930 2788 994 2815 not.
1016 2781 1078 2821 12„
1097 2787 1127 2814 et
1141 2781 1298 2814 Huetimn
1321 2783 1356 2814 in
1379 2784 1466 2815 nutis
1488 2784 1537 2815 ad
1557 2794 1669 2826 στεφθ-

125 2825 196 2857 tica
216 2823 371 2868 Oriqenis
388 2830 461 2859 tom.
481 2825 630 2869 II‚pay.
645 2824 676 2859 7.
705 2824 895 2871 (Galland.)
920 2827 1086 2871 Syrinum
1108 2826 1181 2860 MS.
1198 2827 1306 2867 Rem„
1331 2833 1362 2860 et
1377 2828 1450 2860 edd.
1467 2827 1566 2861 Seraz.
1587 2829 1669 2861 G'al-

125 2869 217 2903 Iand.
287 2869 319 2903 2.
333 2869 576 2904 Marcionistae
593 2869 665 2903 MS.
683 2871 772 2914 Any.

191 2913 275 2960 Cap.
290 2915 405 2950 XXII.
421 2936 464 2942 —-
484 2916 512 2950 1.
538 2916 650 2950 Verba
667 2915 808 2958 bonum,
827 2921 859 2952 et
875 2918 918 2952 ab
936 2919 1010 2963 ipso
1028 2918 1157 2952 factum
1171 2918 1328 2960 alterum,
1345 2918 1378 2952 id
1392 2922 1442 2952 cst
1457 2921 1578 2952 omissa
1596 2926 1672 2952 sunt

127 2972 150 2992 a
168 2960 362 2995 Gallandio.
432 2961 463 2995 2.
482 2962 720 3006 Α])οίο]]ετ1ἐιιε
747 2962 972 3006 Oriqem'amzs·
994 2970 1111 2997 sancto
1135 2964 1314 3008 Pamphilo
1337 2967 1482 3007 martyri
1505 2969 1670 2998 asseritur

127 3005 169 3038 ab
186 3012 322 3039 auctore
339 3013 405 3040 tum
421 3008 494 3047 Ιιίε,
520 3014 585 3040 tum
600 3010 696 3050 infra
714 3020 791 3052 cap.
811 3009 866 3042 43.
901 3009 978 3049 Qua
996 3011 1036 3042 de
1053 3021 1090 3041 re
1112 3011 1197 3043 alibi
1217 3011 1491 3053 verbaseuimus,
1515 3013 1669 3044 nimirum

125 3052 162 3083 in
176 3050 422 3096 Proleqomem's
438 3054 488 3087 ad
502 3058 576 3088 tom.
595 3051 664 3087 IV.
682 3052 773 3089 Bibl.
790 3053 887 3088 Patr.
906 3067 983 3100 cap.
1001 3054 1031 3088 Ι.
1049 3057 1080 3097 §.
1099 3055 1131 3090 4.
1144 3067 1230 3100 paq.
1248 3055 1280 3091 4.
1307 3054 1490 3100 (Galland.)

1698 504 1764 537 Cap.
1783 504 1855 529 XXI.

1699 1191 1765 1225 Cap.
1786 1191 1873 1218 XXII.

1698 2577 1767 2609 Cap.
1785 2577 1888 2603 xxm.
