2052 3342
374 219 453 261 308
933 203 1106 231 ISIDORCS
1126 198 1365 227 lllSI‘ALENSIS

459 320 522 360 32.
555 316 796 358 Donatistae
818 326 842 352 a
861 311 1021 352 Donato
1044 305 1221 361 quodam
1248 303 1348 344 Afro
1379 299 1625 353 nuncupati,
1655 296 1723 350 qui
1751 293 1800 334 (10
1830 291 1915 333 Nu-

377 390 503 431 midia
525 387 694 426 veniens
725 386 851 423 totam
880 390 1010 434 paene
1040 375 1224 416 Africam
1256 385 1329 412 51111
1350 368 1615 423 persuasione
1638 363 1822 417 decepit,
1850 373 1916 400 as-

377 471 518 498 serens
541 455 741 495 minorem
764 454 877 504 patre
900 446 1044 496 lilium,
1067 447 1107 483 et
1127 443 1329 482 minorem
1347 437 1428 477 filio
1446 436 1638 490 spiritum
1654 433 1857 481 sanctum,
1878 430 1919 467 et

380 526 638 579 rebaptizans
661 518 897 561 catholicos.

464 594 528 633 53.
563 587 827 631 ¹·‘·Bonosiani
856 599 879 624 a
898 583 1061 624 Bonoso
1095 577 1271 632 quodam
1299 575 1491 629 episcopo
1521 570 1648 611 exorti
1681 565 1924 623 produntur,

381 664 446 716 qui
472 661 682 701 Christum
705 656 835 697 lilium
857 652 922 693 dei
945 649 1200 703 adoptivum,
1222 658 1305 685 non
1326 642 1538 697 proprium
1560 638 1762 678 asserunt.

467 730 531 769 54.
565 721 969 768 1“”’1110111110011101105Ι
999 717 1098 758 dicti
1130 717 1226 755 sunt
1257 726 1302 753 eo
1335 708 1443 764 quod
1473 709 1655 761 agrestes
1677 706 1793 755 sunt,
1824 712 1925 754 quos

384 800 592 853 (¹otopitas
620 797 789 844 vocant,
828 787 1087 844 supradictae
1128 782 1312 823 haeresis
1349 777 1553 818 habentes
1582 773 1823 814 doctrinam.
1875 767 1927 809 Hi

385 882 521 909 amore
544 864 730 917 martyrii
753 859 998 911 semetipsos
1020 854 1249 909 perimunt,
1277 851 1323 889 ut
1343 845 1545 888 violenter
1567 841 1616 883 de
1640 840 1715 881 hac
1735 839 1823 880 vita
1843 835 1927 876 dis-

387 937 580 979 cedentes
603 936 805 983 martyres
827 926 1103 967 nominentur.

471 1003 536 1044 55.
568 998 909 1042 Priscillianistae
932 1008 956 1033 a
974 988 1233 1032 Priscilliano
1257 984 1406 1035 vocati,
1428 982 1497 1036 qui
1519 981 1561 1020 in
1582 976 1785 1031 Hispania
1800 987 1850 1014 ex
1866 986 1930 1013 er-

389 1088 475 1116 rore
500 1071 789 1113 Gnosticorum
810 1070 850 1105 et
871 1059 1205 1103 Manichaeorum
1233 1051 1484 1109 permixtum
1513 1048 1661 1100 dogma
1689 1041 1930 1098 composuit.

473 1142 538 1181 56.
570 1134 819 1179 Luciferiani
844 1147 867 1171 a
890 1128 1076 1171 Lucifero
1107 1126 1300 1179 episcopo
1326 1119 1353 1144 ¹7
1367 1117 1581 1160 Sardiniae
1611 1114 1709 1165 orti,
1737 1112 1809 1166 qui
1835 1122 1932 1150 con-

389 1217 452 1252 tra
470 1211 684 1264 episcopos
703 1200 941 1250 catholicos,
963 1197 1031 1251 qui
1049 1191 1280 1235 Constantii
1296 1186 1583 1244 persecutione
1601 1180 1798 1237 perfidiae
1815 1178 1934 1219 Aria-

393 1292 537 1320 norum
560 1273 868 1317 eonsentientes
891 1269 1028 1316 erant,
1052 1267 1091 1303 et
1113 1264 1255 1316 postea
1278 1256 1448 1299 correcti
1471 1253 1603 1295 redire
1626 1252 1669 1291 in
1692 1246 1937 1290 catholicam

394 1348 648 1399 delegerunt,
671 1340 916 1382 damnantes
939 1335 1024 1375 sive
1048 1330 1157 1385 quod
1180 1326 1458 1376 crediderunt,
1480 1323 1565 1363 sive
1588 1317 1695 1374 quod
1712 1314 1937 1358 credidisse

394 1415 707 1458 simulaverant:
739 1422 839 1462 quos
869 1402 1045 1445 ecelesia
1073 1396 1275 1440 catholiea
1301 1396 1488 1434 materno
1517 1388 1676 1442 recepit
1703 1386 1817 1437 sinu,
1844 1386 1937 1422 tan-

396 1499 519 1539 quam
546 1483 715 1523 Petrum
743 1479 837 1531 post
864 1473 1004 1513 ssetum
1032 1466 1274 1521 negationis.
1324 1462 1441 1503 Hanc
1468 1458 1529 1499 illi
1554 1452 1698 1498 matris
1727 1454 1940 1494 caritatem

396 1552 572 1609 superbe
595 1546 861 1601 accipientes,
883 1552 1032 1593 eosque
1055 1537 1236 1590 recipere
1259 1531 1447 1573 nolentes
1470 1527 1520 1568 ab
1539 1523 1738 1566 ecclesiae
1756 1533 1940 1562 commu-

398 1625 520 1664 nione
552 1616 835 1664 recesserunt,
865 1614 905 1650 et
937 1621 1030 1649 eum
1061 1607 1149 1660 ipso
1180 1600 1368 1643 Lucifero
1399 1599 1565 1638 auctore
1597 1606 1690 1645 5110,
1722 1591 1792 1644 qui
1821 1599 1941 1630 mane

400 1690 620 1739 oriebatur,
641 1683 786 1726 eadere
808 1678 1059 1721 meruerunt.

485 1758 550 1798 57.
582 1751 874 1796 lovinianistae
897 1761 919 1786 a
939 1743 1150 1786 Ioviniano
1174 1737 1352 1793 quodam
1373 1731 1576 1775 monacho
1606 1728 1727 1780 dicti,
1755 1737 1944 1767 asseren-

404 1834 462 1869 tes
485 1825 641 1867 nullam
662 1823 883 1874 nuptarum
905 1818 946 1854 et
966 1812 1171 1864 virginum
1193 1820 1283 1848 esse
1306 1803 1560 1853 distantiam,
1580 1796 1821 1850 nullumque
1838 1795 1946 1834 inter

404 1896 663 1937 abstinentes
685 1892 726 1929 et
747 1884 992 1939 simpliciter
1013 1878 1228 1934 epulantes
1251 1886 1340 1915 0550
1364 1870 1601 1912 discrimen.

489 1962 554 2003 58.
586 1956 791 2001 Elvidiani
812 1953 863 1994 ab
886 1948 1083 1991 15ΕΙν1(110
1106 1943 1327 1994 nominati,
1357 1940 1426 1994 qui
1453 1933 1596 1978 (11011111
1625 1936 1720 1989 post
1740 1931 1948 1973 Christum

408 2036 549 2074 natum
571 2028 672 2069 111105
696 2024 865 2066 Mariam
886 2018 991 2060 filios
1015 2016 1063 2057 (10
1084 2016 1171 2056 viro
1193 2009 1342 2064 Ioseph
1362 2007 1587 2062 peperisse.

494 2100 558 2140 59.
590 2093 827 2137 Paterniani
849 2103 872 2129 a
892 2088 1069 2128 Paterno
1092 2081 1269 2137 quodam
1290 2077 1443 2128 exorti,
1471 2075 1540 2128 qui
1568 2070 1783 2113 inferiores
1806 2079 1948 2120 corpo-

411 2172 465 2211 ris
486 2170 626 2223 partes
648 2177 671 2203 a
692 2157 853 2202 diabolo
876 2156 1005 2196 factas
1028 2153 1259 2207 opinantur.

497 2236 562 2276 60.
595 2229 763 2274 Arabici
784 2223 1013 2278 nuncupati
1035 2234 1080 2262 eo
1104 2217 1212 2273 quod
1234 2218 1277 2257 in
1298 2212 1451 2256 Arabia
1471 2208 1602 2251 exorti
1624 2209 1739 2258 sunt,
1768 2204 1952 2245 dicentes

414 2307 596 2348 animam
617 2313 711 2342 cum
732 2306 900 2349 corpore
921 2291 1047 2342 mori,
1075 2292 1196 2341 atque
1224 2286 1268 2326 in
1294 2281 1520 2324 novissimo
1550 2277 1615 2318 die
1641 2279 1861 2326 utrumque
1888 2282 1952 2311 re-

415 2385 592 2427 surgere.

501 2442 566 2481 61.
604 2431 941 2478 Tertullianistae
979 2426 1078 2467 dicti
1118 2438 1142 2464 a
1171 2419 1425 2463 Tertulliano
1465 2413 1706 2471 presbytero
1737 2409 1955 2451 Africanae

419 2508 668 2567 provinciae,
689 2501 868 2544 civitatis
890 2492 1240 2546 Carthaginensis,
1261 2489 1441 2529 animam
1462 2496 1547 2525 non
1561 2476 1838 2523 immortalem
1853 2486 1957 2526 0550,

420 2579 493 2621 50(1
515 2585 752 2630 corpoream
772 2566 1081 2624 praedicantes,
1109 2564 1149 2600 01
1169 2559 1328 2599 animas
1348 2553 1561 2596 hominum
1583 2550 1847 2605 peccatorum
1866 2545 1959 2597 post

420 2650 597 2690 mortem
615 2644 660 2683 in
682 2640 904 2680 daemones
923 2632 1031 2674 verti
1052 2629 1082 2654 ¹9
1091 2630 1296 2684 putantes.

506 2714 572 2755 62.
603 2700 1132 2752 Tessaresdecaedecatitae
1164 2696 1284 2747 dicti,
1315 2693 1411 2746 quia
1429 2688 1534 2731 XIV.
1555 2686 1655 2727 luna
1682 2680 1836 2737 pascha
1866 2692 1959 2719 cum

423 2783 585 2825 Iudaeis
608 2772 915 2822 observandum
936 2765 1202 2810 contendunt.
1233 2762 1339 2803 Nam
1355 2757 1538 2814 τέσσαρες
1555 2755 1726 2808 quatuor
1742 2746 1961 2801 significat,

425 2856 467 2893 et
488 2844 586 2891 δέκα
607 2847 761 2888 decem.

511 2917 577 2958 63.
606 2914 813 2967 Nyctages
835 2922 859 2949 a
879 2918 1022 2949 somno
1039 2900 1279 2955 nuncupati,
1300 2894 1408 2951 quod
1423 2891 1583 2946 vigilias
1600 2886 1731 2928 noctis
1749 2885 1962 2938 respuunt,

498 3018 548 3052 15.
565 3012 749 3051 Bonosiaci
766 3011 816 3044 ed.
834 3007 976 3040 Arei-al.
1070 3002 1120 3036 16.
1146 3001 1250 3044 Valqo
1273 2996 1500 3032 Cncelliones.
1594 2987 1646 3022 17.
1678 2986 1782 3029 Vucyo
1807 2983 1960 3018 Sirmiae.

435 3065 482 3097 is.
507 3064 594 3097 Unus
611 3073 627 3094 e
647 3055 948 3101 Gaelplzerbytam's
965 3051 1063 3085 addit
1077 3046 1227 3093 quodam
1242 3041 1420 3079 monacho.
1492 3035 1541 3069 19.
1567 3034 1670 3077 Vulqo
1685 3033 1860 3077 putantur.
