2052 3342
195 313 260 346 Cap.
280 315 336 341 LV.

177 383 242 415 vap.
265 383 333 407 rvi.

163 587 226 619 Cap.
249 587 332 610 mu.

147 917 211 948 Cap.
234 917 333 940 Lvm.

183 1190 247 1222 sap.
269 1190 334 1216 mx.

191 1328 256 1358 Cap.
278 1327 333 1351 Lx.

178 1464 243 1495 (unp.
265 1464 333 1488 LXI.

162 1604 226 1633 (jap-
249 1601 333 1625 [ΧΗ.

147 1738 212 1769 cap.
235 1738 334 1762 rxin.

152 1875 217 1908 Cap.
238 1876 334 1899 inv.

165 2012 231 2045 sap.
252 2013 333 2037 va.

149 2150 216 2182 cap.
239 2151 333 2175 1,xv1.

136 2288 201 2319 Cap.
222 2288 333 2312 vau.

122 2493 187 2526 Cap.
208 2493 335 2518 vam.

154 2629 219 2660 Cap.
239 2630 335 2655 LXIX.

360 190 441 232 330
861 187 1019 214 110NOR11
1041 187 1401 215 AUGUSTODUNENSIS

444 294 605 334 Aetiani
628 293 679 333 ab
701 293 819 334 Aiitio
843 294 1058 344 nominati,
1082 293 1311 346 'iidemque

444 362 700 410 1¹⁷,unoniianh¹
713 362 763 402 ab
776 360 975 401 Eunomio
994 360 1169 414 quodam
1189 360 1537 413 ‹lialectico,A'e'tii
1556 362 1773 418 discipulo,
1791 363 1902 404 dicti.

361 430 407 470 lli
431 433 619 469 asserunt
642 431 745 483 patri
771 428 897 469 tilium
920 429 1111 472 similem,
1133 434 1173 469 et
1196 429 1276 469 filio
1299 431 1490 483 spiritum
1511 435 1700 472 sanetum
1722 431 1904 472 dissimi-

360 498 451 538 lem.
502 497 653 538 Dicunt
676 498 799 537 etiam
823 496 981 537 nullum
1007 498 1198 551 imputari
1224 501 1437 551 peccatum
1468 499 1507 538 in
1531 498 1610 539 fide
1631 500 1903 540 manentium.

443 565 698 618 origenistae
721 565 772 605 ab
795 567 969 615 Origene
993 566 1104 606 ‹lit-ti.
1156 566 1206 606 lli
1241 566 1383 606 dicunt
1405 565 1513 619 quod
1535 580 1616 608 non
1643 569 1776 622 possit
1796 567 1905 608 {ilius

359 634 497 675 videre
520 639 700 689 patrem,
730 634 885 688 ¹neque
915 635 1084 688 spiritus
1114 639 1294 674 sam-tus.
1346 633 1501 674 Dicunt
1523 636 1645 675 etiam
1674 637 1834 677 animas
1863 637 1904 676 in

359 703 500 744 mundi
531 704 731 757 principio
761 716 976 758 peccasse,
1006 707 1045 742 et
1076 717 1146 757 pro
1175 702 1414 742 diversitate
1442 706 1704 756 peecatorum
1733 717 1753 744 e
1781 704 1906 745 caelis

360 771 496 826 lapsas
519 785 694 830 corpora¹
709 771 872 811 diversa
895 773 933 811 in
952 772 1072 811 terris
1095 772 1270 811 intrasse
1290 772 1407 824 quasi
1424 770 1602 824 vincula,
1624 775 1665 812 et
1684 771 1760 813 hac
1783 786 1907 813 causa

360 838 557 880 mundum
582 840 733 880 sactum
755 840 894 880 fnisse.

445 908 654 948 ¹Noi³tiani
677 922 700 948 a
722 908 849 949 Noeta)
872 908 1048 962 quodam
1072 908 1183 948 dicti.
1220 908 1266 948 lli
1291 907 1434 948 dicunt
1451 907 1603 948 Christi
1620 908 1799 949 eundem
1815 922 1906 949 esse

360 981 400 1016 et
422 982 578 1031 patrem
603 982 643 1016 et
664 978 852 1031 spiritum
877 982 1078 1016 sanctum.
1140 976 1386 1016 Trinitatem
1415 977 1457 1017 in
1479 976 1706 1017 officiorum
1728 978 1906 1018 nomini-

361 1045 450 1090 bus,
483 1059 563 1085 non
595 1046 635 1085 in
667 1047 854 1099 personis
886 1045 1106 1099 accipiunt.
1164 1044 1278 1084 l'nsle
1308 1049 1348 1084 et
1379 1045 1675 1099 patripassiani
1696 1048 1908 1098 vocantur,

359 1114 454 1166 quia
475 1118 632 1167 patrem
656 1127 820 1168 passum
846 1113 999 1153 ‹ln-unt.

444 1181 668 1222 Sabelliani
690 1197 713 1221 a
735 1181 913 1222 Sabellio
938 1180 1138 1235 discipulo
1163 1180 1279 1221 Noissti
1303 1180 1414 1221 dieti.
1466 1181 1519 1221 Hi
1541 1194 1665 1222 unam
1686 1194 1905 1236 personam

359 1251 487 1304 patris
510 1254 550 1290 et
573 1250 643 1290 filii
667 1255 705 1290 et
729 1251 896 1304 spiritus
919 1251 1051 1289 saneti
1074 1253 1276 1289 astruunt.

443 1319 583 1359 Ariani
606 1318 657 1358 ab
679 1319 775 1359 Ario
799 1318 1080 1359 Alexandrino
1097 1317 1340 1372 presbytero
1359 1319 1504 1358 exorti.
1535 1317 1589 1358 IIi
1605 1317 1791 1359 diversas
1808 1318 1906 1359 sub-

359 1389 532 1427 stantias
555 1388 595 1427 in
619 1389 802 1428 trinitate
827 1388 993 1427 faciunt.

443 1455 726 1496 Macedoni-ani
757 1470 780 1495 a
810 1455 1049 1496 Macedonio
1086 1454 1542 1509 Constantinopolitano
1573 1455 1765 1510 episcopo
1793 1455 1906 1497 dicti.

361 1524 411 1564 Hi
433 1530 585 1577 negant
606 1526 794 1579 spiritum
819 1530 1008 1564 sanctum
1032 1523 1155 1563 deum
1178 1536 1281 1564 esse.

443 1592 762 1647 Apollinaristae
792 1592 842 1633 ab
865 1592 1101 1647 Apollinare
1126 1593 1272 1632 vocati.
1324 1592 1377 1632 lli
1406 1591 1550 1632 dieunt
1578 1591 1787 1633 Christum
1818 1607 1908 1633 cor-

359 1675 434 1716 pus
456 1666 617 1702 tantum
640 1663 727 1702 sine
749 1663 887 1701 anima
909 1662 1141 1715 suscepisse
1164 1664 1205 1700 et
1227 1660 1426 1701 deitatem
1446 1674 1518 1715 pro
1541 1661 1680 1701 anima
1699 1660 1907 1702 habuisse.

443 1730 811 1771 Autidicomaritao
835 1729 1125 1770 contradicunt
1152 1729 1378 1782 virginitati
1400 1728 1574 1781 Mariae,
1603 1728 1788 1770 dieentes
1818 1743 1909 1771 eam

359 1803 451 1854 post
473 1803 616 1839 natum
637 1798 847 1839 Christum
870 1799 954 1839 viro
978 1798 1257 1838 commixtam.

444 1867 847 1919 ¹)Ietangismonitae
871 1882 893 1906 a
914 1880 1011 1907 vase
1035 1866 1155 1915 dicti3
1179 1864 1301 1923 ἄγγος
1324 1866 1435 1906 enim
1451 1879 1522 1906 vas
1540 1865 1702 1906 dicitur.
1734 1866 1789 1907 Hi
1809 1866 1907 1908 sub—

359 1937 555 1976 stantiam
576 1935 779 1976 humanae
804 1936 940 1975 carnis
962 1949 985 1975 a
1008 1934 1170 1975 diabolo
1195 1933 1405 1975 conditam
1428 1933 1584 1975 dicunt.

444 2004 678 2045 Coluthiani
699 2018 721 2044 a
745 2003 917 2045 Colutho
941 2003 1118 2057 quodam
1140 2003 1381 2057 nuncupati.
1432 2003 1487 2043 Hi
1515 2002 1659 2044 dicunt
1681 2002 1804 2044 deum
1826 2017 1908 2045 non

360 2074 493 2114 facere
516 2073 638 2124 mala,
661 2077 804 2113 contra
826 2071 940 2116 illum
965 2072 1067 2124 1Ιῖςο
1091 2071 1283 2112 (lominus
1306 2084 1450 2111 creans
1471 2070 1592 2112 mala.

442 2141 621 2183 Floriani
644 2156 667 2181 a
687 2140 849 2181 Florino
873 2139 1050 2193 quodam
1073 2140 1184 2180 dicti.
1218 2139 1270 2180 Hi
1293 2139 1437 2180 dicunt
1459 2139 1578 2180 deum
1603 2153 1764 2180 creasse
1786 2139 1909 2192 mala,

359 2215 503 2251 eontra
525 2209 639 2261 illud,
663 2209 798 2250 ¹Fecit
821 2208 1011 2249 (lominus
1035 2209 1173 2249 omnia
1195 2207 1315 2249 bona.

442 2278 683 2320 Donatistae
705 2291 728 2318 a
749 2277 908 2318 Donato
932 2276 1109 2330 quodam
1130 2277 1229 2317 Afro
1252 2277 1399 2317 vocati.
1446 2276 1500 2317 Hi
1516 2275 1758 2317 asserebant
1778 2274 1910 2318 filium

359 2350 474 2402 patre
496 2348 712 2399 minorem,
741 2350 781 2386 et
801 2347 993 2401 spiritum
1015 2349 1206 2387 sanetum
1226 2344 1310 2386 filio
1341 2344 1579 2398 1min0rem,
1610 2348 1651 2385 et
1677 2344 1907 2400 rebaptiza-

359 2415 461 2456 bant
481 2415 715 2456 catholicos.

443 2484 661 2525 Bonosiaci
678 2498 702 2524 a
716 2483 877 2524 Bonoso
896 2481 1074 2536 quodam
1092 2483 1284 2537 episcopo
1307 2483 1452 2523 exorti.
1484 2482 1537 2523 Hi
1554 2481 1762 2523 Christum
1779 2480 1909 2522 filium

361 2553 427 2594 dei
448 2552 703 2607 adoptivum,
723 2565 807 2592 non
830 2551 1021 2605 poprium
1042 2554 1244 2590 asserunt.

446 2620 827 2672 Circumcelliones,
856 2619 898 2659 id
927 2622 990 2659 est
1017 2622 1220 2671 agrestes,
1257 2620 1354 2659 item
1387 2618 1622 2673 Cotopitae,
1651 2618 1909 2672 superiorum

430 2767 511 2812 Cap.
528 2767 597 2801 LV.
614 2787 658 2791 —--
677 2767 705 2800 1.
727 2767 784 2799 Ita
801 2767 927 2809 scripsi
938 2777 1003 2808 pro
1020 2766 1160 2807 rulqata
1179 2765 1292 2800 iidem.
1318 2765 1527 2799 Eunomiani
1545 2770 1618 2797 cett.

429 2813 511 2858 Cap.
530 2813 630 2847 LVII.
649 2816 692 2836 —*
710 2812 737 2844 l.
754 2811 871 2844 Isidor.
891 2810 1010 2855 Origg.
1027 2810 1114 2851 VIII,
1129 2810 1159 2851 5,
1174 2811 1227 2843 40.
1245 2811 1346 2844 habet
1357 2822 1468 2855 neque
1481 2810 1620 2855 spiritus
1633 2811 1773 2842 sanctus
1786 2808 1907 2843 filium.

430 2858 512 2903 Gap.
530 2857 646 2892 LVIII.
663 2877 706 2881 —
727 2857 754 2891 1.
774 2856 892 2889 Isidor.
910 2855 1029 2900 Origg.
1046 2855 1134 2896 VIII,
1152 2856 1183 2897 5,
1201 2856 1256 2891 41.
1275 2856 1377 2889 hahet
1390 2855 1548 2889 Noetanj.

431 2904 513 2948 Cap.
531 2903 652 2937 LXIV.
670 2922 714 2927 —
735 2902 760 2934 l.
789 2902 892 2946 Ifulyo
908 2901 1163 2945 Metangositae
1181 2912 1201 2934 a
1218 2912 1299 2935 vase
1316 2901 1408 2943 dicti,
1427 2898 1538 2946 ἄγγιος
1556 2899 1647 2933 enim
1663 2909 1724 2933 vas
1743 2905 1816 2933 cett.

432 2949 513 2994 Cap.
530 2948 634 2982 LXV.
652 2968 696 2972 -—
716 2947 743 2980 1.
760 2946 851 2981 Esai.
868 2947 973 2987 XLV,
992 2946 1022 2979 7.

433 2994 515 3039 Cap.
532 2993 652 3027 LXVI.
670 3012 713 3016 —-
733 2993 760 3025 1.
780 2991 903 3025 Genes,
920 2992 945 3032 I,
963 2991 1016 3025 31.

434 3039 515 3084 Cap.
532 3038 668 3073 LXVII.
685 3057 729 3062 -—
748 3038 776 3071 1.
803 3037 905 3081 Vulyo
922 3037 1097 3071 maiorem.
