2052 3374
1590 210 1670 252 369

116 311 312 346 Nestorium
328 311 386 345 fol.
403 310 457 345 30.
500 311 653 344 Christus
675 312 770 345 Iesus
793 313 882 349 silius
903 314 1094 356 unigenitus
1115 323 1181 344 una
1208 313 1408 345 adoratione
1426 315 1576 356 propria
1600 324 1671 345 cum

117 370 221 391 carne
239 359 415 391 adoratur.
440 357 676 391 Damascenus
696 357 736 391 de
754 357 888 391 duabus
908 356 1033 390 Christi
1049 358 1285 391 voluntatibus
1303 357 1361 392 fol.
1382 358 1459 391 474.
1505 358 1579 391 Una
1598 370 1669 391 cum

110 409 215 447 patre
232 409 264 436 et
284 405 408 447 spiritu
431 410 548 436 sancto
573 403 739 436 Christum
757 406 974 436 incarnatum
999 405 1053 435 dei
1067 404 1176 447 filium
1202 409 1233 436 et
1255 416 1392 436 veneror
1422 410 1453 436 et
1474 405 1590 437 adoro.
1629 403 1672 436 Et

116 448 158 481 de
173 448 240 482 fide
257 447 449 482 orthodoxa
465 449 522 482 lib.
539 448 595 482 IV.
613 459 641 482 c.
659 448 690 483 3.
708 453 741 482 et
759 448 789 483 2.
831 448 985 481 Christus
1009 450 1177 481 adoratur
1202 461 1266 481 una
1291 450 1490 482 adoratione
1513 462 1583 481 cum
1609 461 1670 482 sua

117 506 221 527 carne
237 494 279 527 ab
296 496 386 527 omni
407 499 580 528 ereatura.
622 494 809 538 Gregorius
831 494 981 538 Magnus
1005 498 1087 526 tom.
1106 494 1136 526 9.
1153 493 1296 527 homilia
1317 494 1352 527 in
1372 494 1563 539 Evangelia
1584 495 1672 529 vlu.

115 539 174 574 fol.
198 538 274 573 343.
316 539 442 583 Anqelt
465 546 623 573 naturam
648 546 807 579 nostram,
826 552 923 583 quam
942 542 1042 584 prius
1067 541 1304 583 despexerant,
1319 547 1495 584 postquam
1516 553 1616 585 super
1637 553 1672 573 se

116 596 224 618 assum
252 590 321 618 tam
345 587 567 629 conspiciunt,
592 588 627 618 ili
646 586 784 618 caelesti
806 596 882 627 reqe
908 591 1126 625 reiterantur,
1151 591 1182 618 et
1204 587 1353 618 adorant
1375 586 1536 619 hominem
1566 588 1670 621 deum,

115 629 191 664 Vid.
209 597 356 674 Cssrfllus
374 631 409 663 in
426 631 521 663 Actis
540 630 683 664 Concilii
699 629 864 674 Ephesini
879 629 938 664 fol.
958 630 1011 664 24.

182 675 256 709 Erit
269 676 475 709 resurrectio
492 680 704 710 mortuorum
723 676 891 718 oninium]
920 674 1117 709 Gennadius
1135 676 1170 709 in
1184 676 1367 710 Tichonio:
1392 677 1572 710 Tic-laoniae
1584 678 1672 721 Aser

115 721 201 754 dicit
215 733 278 754 non
294 723 381 754 duas
399 724 429 753 in
449 734 553 754 carue
561 724 829 755 resurrectiones
843 724 998 764 futuras,
1015 733 1115 754 uuam
1134 728 1165 754 et
1179 723 1279 755 semel
1294 725 1451 763 omnium,
1476 726 1510 755 in
1534 736 1598 766 qua
1620 736 1671 756 re-

114 772 251 810 suryent
273 769 373 800 etiam
396 768 544 800 abortiri
565 769 755 810 deformati.
802 766 850 799 De
881 766 1116 800 abortivorum
1146 768 1394 802 resurrectione
1419 768 1672 813 adstipulantur

115 811 282 846 Tichonio
299 812 525 857 Augustinus,
542 811 719 857 Philippus
736 811 917 856 Presbyter
935 815 968 845 et
983 811 1089 847 Beda.
1130 813 1315 857 Augustin.
1335 813 1496 848 enchirid.
1523 814 1566 847 ad
1582 814 1671 847 Lau-

114 857 264 891 rentium
280 868 355 903 cap.
374 858 552 893 LXXXV.
597 857 756 891 Occurrit
779 859 818 890 de
842 858 1006 890 abortivis
1019 859 1170 901 foetibus·
1194 862 1359 902 quaestio,
1385 862 1442 903 qui
1457 863 1524 892 iam
1542 862 1669 903 quidem

115 905 191 936 nati
204 906 330 936 suntin
346 906 450 936 uteris
466 909 620 944 matrum,
637 905 697 936 sed
713 904 853 936 nondum
872 905 920 936 ita
939 909 974 935 ut
990 906 1055 936 iam
1068 906 1202 948 pos-‘siut
1217 908 1362 938 renasci.
1403 905 1443 937 Si
1459 908 1543 937 enim
1562 918 1671 938 resur—

115 954 267 982 recturos
283 961 337 982 eos
353 950 551 990 direrimus,
577 950 616 982 de
633 948 686 981 his
702 951 758 992 qui
775 951 841 981 iam
850 951 999 992 formati
1013 955 1103 989 sunt,
1131 950 1274 982 tolerari
1284 956 1395 993 potest
1410 957 1570 994 uteunque
1587 953 1673 995 quod

115 996 252 1028 dicitur.
292 995 459 1039 biformes
480 1006 558 1028 vero
581 995 716 1027 abortus
732 997 804 1038 quis
821 1007 883 1027 11on
893 995 1083 1039 proclivius
1100 997 1218 1039 perire
1235 996 1429 1036 arbitretur,
1446 999 1671 1031 sieutsemiua

115 1052 201 1084 quae
218 1046 379 1084 concepta
397 1053 458 1073 non
466 1042 621 1084 fuerint?
643 1039 713 1073 Sed
728 1042 800 1084 quis
818 1052 942 1083 neyare
960 1042 1095 1080 audeat,
1114 1046 1146 1073 et
1159 1043 1190 1073 si
1207 1042 1383 1085 affirmare
1400 1054 1462 1074 non
1482 1044 1617 1083 audeat,
1637 1045 1673 1076 id

107 1088 267 1130 futuram
283 1089 570 1126 resurrectionem,
587 1092 623 1118 ut
637 1087 799 1129 quidquid
805 1088 943 1129 formae
961 1087 1077 1129 deluit,
1095 1087 1299 1131 impleatur?
1323 1093 1423 1130 atque
1438 1090 1489 1120 ita
1508 1100 1569 1121 mm
1588 1090 1674 1120 des-it

109 1134 278 1175 perfectio
293 1143 378 1175 quae
394 1143 576 1164 accessura
594 1137 671 1164 erat
685 1137 847 1175 tempore:
864 1133 1134 1175 quemadmodum
1153 1144 1213 1164 nou
1232 1138 1328 1165 erunt
1343 1135 1437 1173 Titia,
1455 1146 1539 1177 (plue
1557 1146 1671 1167 acces-

114 1183 231 1210 serunt
244 1182 404 1221 tempore,
426 1183 463 1209 ut
478 1188 578 1220 neque
593 1179 629 1210 in
647 1189 681 1210 eo
698 1178 786 1221 quod
802 1182 915 1221 aptum
941 1183 973 1210 et
989 1189 1167 1220 couyruum
1186 1179 1257 1210 dies
1275 1179 1586 1222 allaturijuerant,
1611 1192 1670 1212 ηα-

116 1223 406 1266 turast-audetur,
432 1234 534 1267 neque
556 1225 591 1254 in
615 1234 650 1255 eo
673 1224 760 1266 quod
783 1224 957 1255 adversum
984 1229 1081 1267 atque
1104 1226 1312 1256 contrarium
1330 1225 1525 1265 attulerant,
1544 1231 1670 1258 vnatura

115 1273 285 1312 turpetur,
309 1269 370 1301 sed
389 1270 574 1311 inteyretur
598 1270 685 1312 quod
706 1269 846 1301 nondum
876 1274 952 1301 erat
973 1271 1154 1312 inteqrum,
1184 1272 1272 1301 sicut
1297 1271 1562 1311 instaurabitur,
1587 1273 1674 1314 quod

105 1316 230 1358 suerat
243 1315 409 1346 vitiatum.
433 1313 476 1347 Et
492 1313 533 1346 de
549 1313 678 1348 civitat.
698 1313 753 1346 dei
768 1314 827 1348 lib.
845 1313 959 1347 XXII.
979 1324 1054 1358 cap.
1071 1313 1165 1348 XIII.
1198 1315 1509 1359 Abortirossoetus,
1527 1319 1583 1359 (μα’
1599 1329 1671 1350 cum

114 1361 185 1392 'iam
201 1361 361 1392 viris-sent
374 1361 410 1392 in
425 1365 528 1400 utero,
553 1359 603 1391 ibi
618 1365 696 1391 sunt
713 1361 846 1399 mortui,
864 1366 1122 1400 resurrecturo&
1146 1365 1182 1392 ut
1206 1362 1382 1404 affirmare
1398 1363 1448 1394 ita
1467 1374 1592 1405 ueyare
1608 1375 1672 1395 *non

116 1405 241 1445 audeo.-
258 1407 409 1450 quamvis
426 1417 488 1438 non
504 1406 649 1445 videam,
666 1406 822 1449 quomodo
840 1406 889 1438 ad
904 1417 957 1438 eos
974 1417 1036 1437 non
1052 1408 1228 1449 pertineat
1242 1409 1444 1439 ‘resurrectio
1462 1413 1670 1448 mortuorum,

115 1453 146 1483 si
162 1463 224 1484 non
241 1452 428 1483 eximuntur
445 1452 485 1484 de
502 1462 634 1483 numero
651 1457 862 1484 mortuorum.
886 1449 1064 1495 Philippus
1081 1450 1263 1495 Presb5ter
1280 1452 1315 1484 in
1332 1452 1403 1486 Iob.
1422 1453 1481 1487 lib.
1497 1452 1522 1487 Ι.
1543 1464 1617 1497 cap.
1637 1454 1667 1488 3.

115 1499 152 1529 et
165 1495 262 1530 Beda
285 1495 432 1541 exposit.
451 1496 487 1530 in
512 1495 584 1530 Iob.
602 1496 662 1530 lib.
681 1495 706 1530 I.
731 1506 805 1541 cap.
822 1495 881 1530 III.
899 1495 958 1530 fol.
979 1496 1054 1530 614.
1096 1497 1156 1529 Iob
1181 1499 1279 1530 dicit:
1303 1510 1407 1541 quare
1430 1510 1492 1531 non
1517 1501 1549 1531 in
1574 1500 1671 1532 culm

113 1543 361 1576 mortuus-sum?
383 1541 485 1575 ,Νηιισ
502 1544 587 1574 enim
605 1543 771 1575 dormiens
786 1543 914 1574 silerem
934 1548 966 1574 et
979 1554 1088 1575 somno
1106 1554 1172 1575 meo
1185 1546 1433 1587 requiescerem,
1451 1556 1521 1576 cum
1540 1545 1673 1587 reyibus

115 1593 147 1620 et
162 1587 358 1621 consulibus.
383 1587 486 1621 Forte
503 1588 683 1632 exemplum
700 1593 817 1620 contra
836 1599 889 1619 eos
906 1593 962 1629 est,
981 1590 1036 1631 qui
1052 1589 1168 1620 dicunt
1184 1601 1246 1620 non
1262 1595 1520 1630 resurrecturos,
1539 1593 1605 1622 nisi
1617 1593 1674 1635 qui

113 1636 210 1666 iuxta
227 1638 371 1666 naturae
387 1634 536 1666 ordinem
553 1635 629 1666 nati
633 1635 777 1677 suerint.
806 1632 846 1665 Si
862 1635 945 1665 enim
964 1639 1140 1677 conceptus
1157 1636 1341 1666 moriuntur
1364 1637 1399 1666 in
1416 1641 1516 1675 utero,
1542 1648 1672 1668 necesse

115 1685 164 1712 est
177 1681 257 1723 quia
273 1681 405 1712 vivunt.-
429 1685 490 1712 aut
503 1680 666 1724 quidquid
680 1681 829 1718 moritur,
848 1678 942 1719 haud
965 1679 1100 1711 dubium
1124 1682 1203 1724 quia
1228 1686 1397 1723 7·esur9et.·
1422 1686 1454 1714 et
1470 1683 1517 1713 ita
1535 1683 1622 1726 quod
1638 1684 1673 1714 in

113 1724 268 1757 ‘membris
275 1727 351 1768 fuit
365 1730 398 1758 et
412 1727 505 1765 vixit,
530 1725 582 1757 rel
598 1730 724 1757 natura
742 1726 847 1757 minas
865 1725 1010 1765 dederit,
1036 1723 1097 1757 lioc
1122 1728 1156 1757 in
1181 1728 1426 1759 resurrectione
1450 1739 1484 1758 *sz
1507 1729 1670 1770 iuteyrum

114 1769 345 1814 reparabitur.
368 1769 427 1803 Sic
444 1772 529 1803 euim
546 1769 685 1802 humani
697 1772 832 1813 (seueris
850 1771 883 1801 iu
899 1771 1015 1802 *melius
1032 1772 1236 1803 instauratio
1251 1777 1349 1804 totum
1367 1773 1494 1811 reddet,
1511 1774 1598 1816 quod
1611 1785 1671 1805 ua-

115 1822 193 1849 tura
201 1817 447 1860 fraudaverat.
477 1815 712 1849 Adversantur
735 1814 932 1848 scholastici
954 1814 1109 1860 theologi
1133 1816 1301 1849 dicentes:
1327 1817 1593 1861 abortii-isbetus
1610 1831 1671 1850 non

115 1867 302 1905 resurqent,
320 1863 473 1905 quoniam
491 1873 554 1894 non
573 1863 733 1894 viserunt.
759 1860 1005 1894 Bonaventura
1022 1865 1170 1895 sentent.
1190 1862 1248 1897 lib.
1267 1861 1324 1897 IV.
1344 1862 1494 1897 distinct.
1512 1863 1639 1898 XLIX.

181 1905 259 1940 Non
274 1906 572 1952 primajustorum
589 1910 622 1939 et
639 1905 791 1939 secunda
806 1908 1041 1950 peccatorum]
1070 1906 1234 1940 Excludit
1250 1919 1399 1941 errorem
1417 1908 1604 1942 dicentium
1620 1921 1671 1943 re-

115 1956 363 1986 surrectionem
377 1963 449 1986 non
466 1962 541 1985 esse
557 1951 711 1985 futuram
729 1952 883 1985 omnium
899 1952 1013 1993 simul,
1031 1952 1090 1985 sed
1107 1953 1254 1997 primam
1267 1954 1436 1987 iustorum
1452 1956 1671 1988 resurrectio-

115 2009 206 2040 nem,
224 1997 413 2032 secundam
429 1997 502 2032 fore
518 2002 754 2042 peccatorum:
782 2008 869 2042 quae
895 1998 999 2031 etiam
1025 1998 1140 2042 opinio
1157 1998 1330 2032 Lactantii
1345 1999 1420 2041 fuit,
1446 2004 1479 2033 et
1504 2000 1671 2045 Stephani

117 2042 255 2078 Gobari.
295 2042 444 2077 Thomas
461 2043 616 2088 Aquinas
634 2043 670 2076 in
688 2043 786 2087 epist.
803 2043 902 2076 Pauli
918 2043 961 2076 ad
979 2042 1131 2079 Corinth.
1146 2044 1170 2077 I.
1189 2055 1261 2089 cap.
1279 2044 1372 2078 XVI.
1389 2045 1466 2080 lect.
1485 2045 1572 2080 VIII.
1606 2046 1671 2079 La-

113 2093 232 2168 itant}
239 2088 297 2123 lib.
320 2088 392 2123 VII.
416 2099 490 2134 cap.
514 2088 596 2122 XX.
622 2092 657 2121 et
677 2088 806 2122 XXVI.
846 2088 885 2122 In
909 2089 1056 2134 epitome
1081 2100 1155 2135 cap.
1180 2090 1268 2124 VIII.
1308 2089 1450 2125 Photius
1474 2091 1670 2126 bibliothec.

129 2135 173 2169 ol.
189 2135 211 2168 4
239 2135 267 2168 l.

182 2179 260 2214 Nou
276 2179 465 2213 secundum
482 2178 660 2224 Originem
676 2179 871 2213 immutatio
889 2190 1071 2225 corporum
1090 2181 1166 2224 erit]
1208 2181 1368 2225 Origines
1385 2183 1529 2227 putabat
1551 2194 1669 2228 corpo-

115 2225 203 2259 rales
220 2225 431 2259 substantias
448 2225 483 2258 in
500 2225 749 2258 resurrectione
766 2225 903 2270 penitus
921 2225 1140 2271 delapsuras:
1159 2230 1193 2260 et
1208 2227 1325 2260 futura
1341 2226 1406 2261 hoc
1424 2239 1499 2262 esse
1517 2240 1670 2273 corpora,

116 2270 207 2316 quod
223 2281 316 2304 nunc
333 2274 386 2304 est
402 2269 528 2311 aether,
552 2274 585 2303 et
602 2271 746 2311 caelum,
770 2274 804 2304 et
819 2271 850 2304 si
866 2271 958 2316 quod
975 2272 1066 2305 aliud
1086 2284 1210 2317 corpus
1233 2273 1400 2306 sincerius
1423 2278 1456 2307 et
1477 2275 1596 2318 purius
1620 2276 1670 2308 in-

114 2316 226 2361 telligi
240 2315 362 2361 possit.
401 2315 599 2360 Hieronym.
617 2315 659 2349 ad
678 2317 817 2349 Avitum
835 2318 932 2362 epist.
950 2317 1039 2351 LIX.
1063 2317 1122 2351 fol.
1141 2318 1216 2351 205.
1241 2318 1406 2352 adversus
1424 2331 1527 2353 error.
1553 2319 1669 2354 Iohan.

114 2362 342 2406 Hierosolym.
360 2360 403 2394 ad
417 2360 679 2395 Pammachium
697 2372 769 2406 cap.
787 2362 848 2396 IX.
865 2362 925 2397 fol.
945 2362 1019 2396 219.
1043 2363 1079 2396 in
1095 2363 1236 2397 Esaiam
1252 2364 1309 2398 lib.
1329 2363 1416 2398 VIII.
1434 2376 1508 2410 cap.
1525 2366 1616 2399 xlv.
1634 2366 1669 2399 in

114 2406 282 2442 Ezechiel.
306 2406 365 2441 lib.
381 2405 459 2440 XII.
485 2418 512 2440 c.
530 2406 603 2440 XL.
628 2407 664 2440 in
686 2408 793 2441 Amos
818 2418 846 2440 c.
864 2408 903 2441 V.
943 2408 1110 2453 Epiphan.
1137 2415 1296 2443 ancorato
1322 2409 1380 2444 fol.
1400 2409 1476 2443 390.
1516 2411 1669 2444 Iulianus

115 2454 266 2505 episcop.
283 2452 438 2486 Toletan.
455 2456 634 2497 prognost.
650 2453 708 2486 lib.
726 2452 757 2486 3.
772 2463 811 2486 ca
838 2480 845 2486 .
862 2453 970 2487 XVII.
994 2453 1033 2487 In
1051 2465 1118 2498 quo
1137 2466 1248 2487 errore
1267 2455 1372 2488 etiam
1383 2455 1573 2500 Eutychius
1594 2457 1669 2490 fuit.

114 2499 188 2533 Ado
205 2498 411 2533 Viennensis
429 2508 446 2530 e
473 2498 578 2542 iscop.
592 2498 627 2531 in
642 2497 765 2532 Chron.
783 2509 802 2531 a
842 2509 921 2533 ann.
936 2498 1062 2533 Christi
1075 2499 1358 2534 CCCCCLXXV.
1382 2500 1477 2534 Beda
1490 2502 1525 2534 in
1538 2502 1668 2535 Lucam

115 2544 175 2580 lib.
197 2544 254 2579 VI.
278 2554 352 2589 cap.
376 2509 506 2578 XXl'ss.
532 2543 591 2577 fol.
615 2543 691 2578 510.
732 2544 920 2587 Eutychia-9
949 2546 1340 2589 C'oustautinopolitanae
1374 2547 1468 2578 urbis
1496 2550 1670 2591 episcopus

115 2592 264 2635 scripsit,
282 2600 404 2634 corpus
420 2595 564 2622 nostrum
583 2591 617 2621 in
632 2590 695 2622 illa
712 2592 968 2623 resurrectionis
983 2591 1096 2633 9loria
1115 2594 1180 2623 erit
1194 2591 1425 2634 impalpabile,
1451 2595 1556 2624 ventis
1574 2594 1669 2625 aere-

116 2647 177 2681 que
199 2635 362 2669 subtilius.
401 2633 563 2668 Ruffinus
610 2633 729 2667 raefat.
750 2634 793 2667 ad
809 2635 1000 2668 Macarium
1022 2636 1058 2669 in
1074 2636 1220 2680 Apolog.
1261 2635 1400 2669 Eusebii
1424 2647 1484 2680 pro
1509 2636 1667 2679 Origene.

116 2685 152 2714 et
165 2680 334 2715 Eusebius
351 2680 488 2725 apolog.
506 2690 567 2725 pro
616 2679 733 2724 rigene
750 2680 808 2713 fol.
827 2679 904 2713 489.
922 2680 1038 2713 dicunt
1053 2680 1221 2714 invisores
1236 2680 1394 2723 Origenis
1411 2680 1501 2716 hunc
1519 2680 1668 2716 errorem

115 2726 204 2761 falso
220 2726 294 2760 viro
311 2737 331 2760 ο
358 2726 441 2759 timo
459 2725 658 2759 adfluxisse.
698 2725 740 2757 Et
756 2725 829 2769 ipse
847 2725 1012 2769 Origenes
1036 2729 1118 2759 tom.
1137 2725 1161 2759 I.
1179 2726 1213 2759 in
1231 2725 1446 2759 Matthaeum
1464 2737 1538 2772 cap.
1556 2729 1668 2762 XXV.

115 2771 234 2807 homil.
250 2771 312 2806 IX.
345 2772 388 2806 ol.
406 2770 482 2805 291.
505 2770 637 2804 videtur
660 2770 797 2803 illorum
823 2771 1027 2804 sententiam
1048 2772 1248 2816 reprobare,
1271 2772 1329 2816 qui
1347 2772 1478 2805 aerium
1495 2784 1618 2818 corpus
1637 2778 1670 2806 et

116 2817 284 2862 paulatim
298 2817 335 2851 in
352 2827 453 2850 auras
471 2820 591 2850 tenues
609 2815 875 2857 dissolvendum,
893 2821 971 2861 post
988 2817 1271 2850 resurrectionem
1289 2817 1519 2852 introducunt.
1539 2818 1668 2861 Grego-

117 2863 188 2897 rius
204 2863 356 2908 Magnus
373 2862 519 2907 exposit.
544 2862 664 2895 moral.
682 2861 717 2894 in
734 2861 806 2894 Iob.
831 2862 888 2895 lib.
905 2862 998 2896 xlv.
1016 2873 1089 2906 cap.
1107 2862 1225 2896 XXX.
1266 2862 1427 2895 Fatemur
1453 2877 1586 2897 curnem
1615 2878 1668 2897 ηυ-

117 2915 222 2942 εἰναιη
239 2914 320 2953 poet
340 2910 613 2941 resurrectionem
630 2909 788 2950 suturam
805 2913 838 2939 et
852 2909 988 2940 eandem
1008 2915 1037 2939 et
1055 2910 1242 2940 diversum:
1267 2910 1404 2941 eandem
1417 2922 1482 2953 pm·
1500 2916 1668 2949 inituram,

118 2955 286 2987 diversam
308 2966 375 2998 per
401 2955 567 2998 qloriam:
593 2953 730 2985 eandem
755 2964 820 2996 per
843 2955 1032 2993 veritatem,
1065 2954 1232 2986 diversam
1253 2966 1318 2998 per
1341 2958 1538 2998 polemium.
1591 2955 1671 2987 Eric

117 3001 230 3042 itaque
245 3000 448 3044 spirituali&
466 3001 543 3042 quia
564 2999 850 3041 incorruptibilis3
869 3001 933 3030 erit
944 2999 1144 3042 palpabili&
1163 3002 1240 3043 quia
1260 3012 1321 3033 uon
1340 3003 1469 3032 anzittvt
1494 3003 1667 3033 ess-umimn

118 3046 252 3078 veracis
269 3051 424 3078 naturae.

1356 3102 1397 3134 :²4
