2052 3374
718 236 768 261 DE
788 236 1022 262 HAERESIBL'S
1040 237 1162 262 LIBER.

1663 238 1714 278 79

162 340 275 380 mino
303 337 624 380 desiderandam
650 342 866 382 victoriam
896 340 1085 396 adipisci.
1137 341 1186 382 In
1218 340 1380 382 Christo
1414 341 1526 381 enim
1555 344 1597 380 et
1627 342 1715 381 eius

163 407 384 449 clementia.
410 411 451 448 et
478 409 637 449 iustitia
664 410 729 450 Set
755 409 920 451 bonitas
949 414 1120 465 propter
1147 414 1370 464 peccantes
1391 413 1434 450 et
1453 410 1715 464 poenitentes

165 475 352 517 abundat
373 475 571 530 quotidie,
592 482 639 518 ut
658 477 839 519 Paulusk
859 482 1036 519 testatus
1059 478 1108 518 de
1131 478 1212 518 illis
1235 483 1299 519 est
1320 479 1390 532 qui
1411 478 1571 533 peccati
1592 492 1717 518 causa

162 558 246 586 non
268 549 437 598 egerant
457 547 770 599 poenitentiam,
791 551 838 586 ut
855 546 959 586 dixit
974 548 1018 587 in
1035 560 1109 587 sua
1126 546 1318 601 epistola:
1345 545 1448 598 Quis
1466 548 1716 601 infirmatur,

162 620 201 654 et
219 627 292 669 890
312 627 397 654 nou
415 614 632 667 infirmor?
660 620 701 655 et
721 614 923 655 rursuml:
952 613 1019 655 Αἶα
1044 616 1208 655 veniam
1230 616 1289 656 ad
1311 630 1398 668 vos,
1428 623 1466 656 et
1484 617 1635 657 iterum
1654 631 1717 656 ‘me

161 681 347 723 humiliet
365 682 556 723 dominus·
577 687 746 738 propter
767 682 990 737 quosdam,
1013 685 1083 737 qui
1103 697 1187 724 non
1210 688 1383 737 egerunt
1402 686 1714 738 poenitentiam.

159 749 212 791 Et
229 750 377 792 Petrus
404 750 618 805 apostolus
646 764 764 805 mago
793 751 977 793 ⁹Simoni
1005 751 1184 792 dixerat:
1220 752 1315 807 Asse
1334 754 1654 807 poenitentiam,
1681 755 1719 794 ai

162 833 244 874 quo
269 819 391 860 modo
427 819 664 860 (limittatur
695 819 772 860 tibi
799 820 914 875 quod
928 820 1088 875 fecisti.
1144 819 1195 861 Et
1219 820 1374 861 Paulus
1403 834 1526 874 quem
1551 822 1714 864 abiece-

159 891 262 928 rat¹¹¹
282 901 379 929 eum
399 889 556 943 suscipi
575 892 672 943 post
691 892 857 943 tempus
878 889 1031 929 iterum
1052 887 1218 929 1s’iubet.
1263 889 1546 931 Amissionem
1574 892 1714 945 itaque

161 955 401 1010 dignitatis¹1
420 961 597 1011 possunt
616 958 778 1012 perpeti
797 955 927 1009 tales,
953 971 1039 998 non
1066 956 1363 998 detrimentum
1391 958 1555 1012 salutis,
1582 964 1629 1000 ut
1657 962 1715 1001 ait

160 1024 398 1066 dominus⁰:
418 1024 584 1066 Blultae
602 1026 836 1066 ‘mansiones
855 1032 953 1066 aunt
973 1026 1092 1080 ctpud
1101 1033 1271 1086 patrem
1290 1041 1436 1068 meeum.

243 1093 568 1135 ¹Montanistae²¹
590 1098 688 1135 sunt
709 1095 780 1148 qui
805 1093 1090 1149 rebaptizantb
1118 1096 1153 1135 si
1180 1108 1281 1148 quos
1309 1095 1552 1137 seduxerint
1577 1097 1711 1138 homi-

158 1175 248 1215 nes,
269 1166 312 1202 et
331 1175 457 1217 supra
477 1161 733 1217 baptismum
754 1161 955 1203 ecclesiae
978 1162 1203 1204 catholicae
1226 1163 1339 1205 aliud
1362 1179 1483 1205 suum
1507 1165 1712 1220 baptisma

158 1228 443 1271 2insanientes
464 1232 738 1286 promittunt3
768 1232 838 1285 qui
860 1235 901 1272 et
920 1231 1147 1273 Donatiani
1170 1233 1365 1276 dicuntur
1385 1248 1410 1273 a
1430 1234 1611 1287 quodam
1630 1236 1714 1277 Do-

158 1302 256 1341 nato
282 1300 327 1340 in
353 1299 523 1340 Africa.c
552 1301 797 1353 constituto,
825 1301 895 1355 qui
921 1300 1029 1341 hanc
1059 1300 1268 1342 haeresim
1298 1304 1539 1354 seminavit3
1573 1306 1643 1358 qui
1675 1310 1715 1345 et

247 1409 279 1445 S.
304 1416 338 1445 et
351 1411 487 1445 bonitas
505 1412 549 1445 A.
566 1412 703 1446 bonitas
721 1416 754 1447 et
771 1413 900 1457 reliqui.
979 1413 1008 1447 9.
1035 1413 1157 1447 Simon
1175 1414 1203 1447 h.
1276 1415 1326 1449 10.
1352 1415 1469 1449 iubeat
1485 1417 1530 1452 A.

247 1456 327 1503 Cap.
343 1456 539 1491 LXXXIII.
563 1462 599 1491 in
623 1459 731 1492 Babc.
758 1461 958 1503 inscriptmn
983 1466 1032 1492 est
1052 1460 1320 1494 Mosrsslsnn.
1337 1482 1380 1486 —
1416 1462 1444 1496 l.
1460 1463 1528 1496 Alii
1544 1467 1625 1497 sunt
1640 1464 1714 1498 Mo-

157 1505 274 1537 nastes
291 1502 351 1548 qui
367 1503 413 1536 A.
482 1503 514 1537 ⁶2.
530 1503 707 1538 insaniunt
722 1505 961 1550 promittentes
979 1506 1022 1538 A.

155 1616 300 1651 tismum
315 1620 514 1651 auctoratus
527 1617 639 1652 fuerat
650 1619 773 1653 militia
785 1619 901 1653 adver-

158 1673 218 1696 sus
236 1662 422 1697 diabolum.
477 1664 553 1705 (F.)

201 1708 235 1742 k.
258 1708 401 1751 Paulus]
426 1708 457 1742 2.
471 1709 547 1743 Cor.
565 1709 624 1743 XI.
643 1710 696 1744 ⁶29.
725 1710 789 1753 ᾖτίς

157 1755 220 1795 νεῖ,
237 1754 290 1787 καὶ
307 1753 367 1787 οὐκ
384 1753 545 1799 ἀσθενῶ;”
594 1756 668 1797 (F.)

199 1800 223 1833 l.
248 1804 282 1834 et
301 1802 456 1844 rursum]
490 1800 520 1834 2.
539 1800 615 1836 Cor.
638 1801 716 1835 XII.
739 1801 792 1835 21.
827 1801 898 1847 ,μὴ

156 1843 252 1878 πάλιν
272 1844 409 1879 ἐλθόντα
432 1858 471 1891 με
493 1847 674 1891 ταπεινώσῃ
701 1845 717 1880 ὁ
743 1847 811 1886 θεός
836 1860 898 1892 μου

156 1890 236 1936 πρὸς
253 1890 334 1936 ὑμᾶς
352 1891 405 1924 καὶ
420 1892 570 1934 πενθήσω
584 1892 729 1931 πολλοὺς
742 1895 806 1925 τῶν
821 1905 901 1937 προ-

154 1937 393 1991 ημιξρτηκότων
415 1937 469 1970 καὶ
492 1937 535 1983 μὴ
561 1937 827 1982 μετανοησάντων
850 1937 901 1971 ἐπί

155 1985 194 2028 τῇ
211 1982 422 2028 ακαθαρσίᾳ.”
457 1983 549 2017 Haec
572 1985 678 2017 verba
694 1984 791 2018 Pauli
813 1985 900 2018 inte-

154 2038 219 2072 gra
245 2032 342 2071 sunt,
370 2039 459 2074 quae
485 2028 688 2063 Philastrius
717 2041 780 2064 suo
805 2041 898 2064 more

155 2074 338 2108 contraxit.
384 2075 462 2116 (F.)

198 2130 245 2153 m.
270 2130 374 2165 quem
397 2120 583 2164 abiecerat]
617 2120 726 2161 Quem
750 2121 899 2155 Satanae

154 2165 342 2199 tradiderat
360 2166 388 2200 1.
407 2165 482 2200 Cor.
501 2166 541 2199 V.
558 2167 601 2207 4.,
626 2177 705 2200 eum
721 2173 801 2211 post
817 2179 899 2212 poe-

153 2211 319 2245 nitentiae
339 2212 559 2245 testationem
583 2213 708 2246 iterum
730 2213 851 2258 recipit
868 2214 897 2247 2.

156 2255 232 2290 Cor.
249 2255 290 2291 Π.
307 2256 339 2298 7,
387 2257 463 2299 (F.)

199 2313 234 2336 n.
249 2302 482 2337 Amissionem
495 2303 611 2348 itaque
626 2303 819 2347 dignitatis]
834 2304 898 2338 Re-

154 2347 316 2382 movendi
336 2348 490 2382 scandali
514 2360 619 2382 causa
642 2361 687 2382 ex
709 2360 775 2383 usu
792 2351 897 2384 eccle-

155 2393 228 2427 siae
256 2394 382 2427 veteris
406 2394 521 2428 clerici
551 2394 593 2427 ad
619 2396 896 2430 communionem

154 2438 398 2484 redigebantur
413 2440 548 2481 laicam,
571 2444 606 2473 et
621 2440 827 2474 excidebant
843 2452 896 2475 sa-

155 2484 222 2518 cris
245 2484 422 2518 ordinibus
443 2486 639 2531 quicunque
661 2485 705 2518 ad
721 2487 896 2531 poeniten-

153 2529 239 2563 tiam
265 2529 440 2575 publicam
473 2531 514 2564 de
541 2531 642 2575 lapsu
670 2531 722 2564 vel
755 2532 896 2566 crimine

154 2576 311 2619 graviore
327 2575 612 2618 admittebantur,
635 2580 673 2609 ut
695 2577 813 2611 multis
836 2590 896 2612 no-

154 2624 271 2655 tarunt
287 2620 427 2655 Gabriel
441 2622 693 2667 Albaspinaeus
710 2627 743 2656 et
758 2622 805 2656 10.
822 2624 896 2658 Μο-

154 2666 250 2700 rinus
276 2666 314 2701 in
339 2667 636 2701 lucubrationibus
672 2678 758 2712 quas
793 2679 896 2716 supra

153 2711 301 2745 laudavi.
336 2711 406 2746 Sed
428 2712 494 2746 hoc
514 2713 590 2746 loco
614 2712 814 2748 Philastrius
836 2726 896 2760 per

155 2756 359 2802 dignitatem
374 2764 414 2791 ut
427 2758 518 2792 infra
530 2769 556 2792 c.
571 2758 624 2791 So.
642 2759 804 2803 intelligit
819 2771 896 2805 gra-

155 2801 238 2836 dum
252 2803 418 2837 maiorem
433 2804 469 2837 in
492 2804 631 2838 caelesti
653 2804 773 2844 gloria.
821 2806 895 2848 (F.)

200 2859 231 2882 o.
255 2852 294 2882 ut
309 2848 358 2882 ait
372 2848 548 2892 dominus]
571 2849 618 2882 Io.
632 2849 724 2883 XIV.
738 2849 768 2883 2.
789 2849 839 2891 ,ἐν
855 2855 894 2894 τῇ

155 2890 241 2938 οἰκίᾳ
253 2896 310 2926 τοῦ
323 2895 446 2938 πατρός
465 2907 528 2940 μου
542 2894 636 2939 μοναὶ
649 2893 772 2927 πολλαί
787 2888 894 2940 aba?

155 2949 259 2984 quem
273 2940 389 2974 locum
411 2951 483 2974 non
498 2940 600 2974 modo
618 2940 659 2973 de
675 2941 895 2976 mansionum

156 2984 355 3018 caelestium
385 2985 616 3027 multitudine,
640 2985 700 3020 sed
722 2987 826 3020 etiam
854 2987 894 3022 de

156 3028 351 3064 diversitate
378 3031 549 3076 graduum
575 3032 701 3065 veteris
730 3033 895 3068 ecclesiae

157 3073 312 3110 doctores
328 3081 542 3122 acceperunt.
589 3077 664 3119 (F.)

809 1709 900 1744 2502-

1016 1619 1097 1665 Cap.
1113 1619 1310 1656 LXXXIII.
1335 1642 1379 1647 —
1410 1633 1440 1655 a.
1463 1623 1714 1668 Montanistae]

968 1665 1169 1699 Montenses
1201 1667 1365 1712 appellati
1396 1673 1479 1702 sunt
1502 1669 1714 1712 Donatistae,

969 1711 1060 1755 quod
1069 1712 1251 1746 ecclesiam
1256 1713 1388 1747 Romae
1396 1715 1546 1759 primum
1552 1716 1589 1749 in
1596 1722 1715 1750 monte

968 1756 1093 1791 habere
1109 1763 1305 1804 coeperunt,
1334 1764 1373 1792 ut
1387 1765 1532 1794 testatur
1547 1761 1714 1807 Hierony-

967 1814 1044 1836 mus
1060 1804 1096 1837 in
1114 1803 1282 1838 Chronico
1299 1805 1343 1838 ad
1358 1806 1398 1838 A.
1413 1805 1449 1840 C.
1463 1805 1539 1840 356.
1563 1807 1714 1842 Isidorus

967 1848 1055 1882 VIII.
1065 1849 1096 1882 5.
1108 1848 1227 1895 Origg.
1247 1850 1425 1890 „Montani
1436 1852 1604 1886 haeretiei
1619 1856 1713 1894 dicti,

970 1896 1056 1938 quod
1072 1901 1215 1939 tempure
1232 1900 1477 1940 persecutionis
1499 1901 1534 1931 in
1550 1901 1714 1933 montibus

969 1941 1169 1976 latuerunt.”
1207 1942 1411 1977 Montenses
1435 1943 1594 1978 dicuntur
1610 1946 1713 1979 etiam

969 1986 1060 2030 apud
1083 1986 1245 2032 Optatum
1268 1988 1328 2022 lib.
1352 1988 1382 2022 2.
1407 2000 1480 2035 cap.
1500 1990 1531 2023 4.
1558 1994 1592 2024 et
1615 1992 1712 2025 alios.

968 2033 1164 2077 Augustino
1173 2033 1214 2067 de
1224 2033 1361 2068 Unitate
1373 2034 1548 2070 Ecclesiae
1558 2047 1586 2071 c.
1596 2036 1626 2070 3.
1644 2038 1713 2070 Ru-

963 2080 1096 2121 pitaui,
1121 2079 1294 2123 quomodo
1320 2080 1424 2114 etiam
1447 2092 1508 2126 pro
1528 2082 1713 2128 Cutsumpi-

969 2126 1059 2156 tanis
1074 2124 1208 2158 videtur
1229 2126 1415 2169 legendum
1431 2126 1540 2172 Epist.
1557 2127 1611 2162 53.
1630 2130 1711 2171 (vet.

967 2168 1048 2203 edit.
1067 2168 1157 2213 165.)
1191 2170 1241 2204 De
1263 2172 1485 2206 Montanistis
1513 2174 1588 2207 aliis
1612 2175 1711 2209 Mon·

966 2215 1039 2248 tani
1060 2217 1288 2250 sectatoribus
1306 2228 1410 2263 supra
1427 2229 1456 2252 c.
1473 2219 1526 2252 49.
1575 2220 1652 2261 (F.)

1017 2260 1049 2294 b.
1074 2261 1303 2307 rebaptizant]
1341 2263 1425 2298 Vide
1442 2264 1482 2298 D.
1500 2263 1584 2298 Tho.
1601 2265 1712 2311 Ittigii

963 2305 1151 2340 Historiam
1190 2307 1395 2342 schismatis
1438 2310 1710 2353 Donatistarum,

966 2351 1156 2387 subiectam
1174 2353 1247 2387 eius
1266 2354 1446 2400 appendici
1468 2356 1549 2390 diss.
1574 2357 1614 2390 de
1631 2357 1710 2391 hae-

965 2397 1146 2432 resiarchis
1172 2400 1202 2441 §.
1224 2398 1364 2434 CXXII.
1383 2411 1454 2446 seq.
1478 2406 1512 2435 et
1536 2413 1625 2447 quae
1647 2404 1710 2436 viri

966 2442 1056 2477 docti
1086 2444 1129 2477 ad
1159 2443 1335 2490 Optatam,
1359 2451 1462 2491 atque
1492 2452 1626 2482 tomum
1646 2449 1708 2482 IX.

966 2488 1116 2534 Operum
1131 2490 1319 2535 Augustini
1342 2492 1422 2527 edit.
1441 2504 1562 2527 novae.
1611 2494 1686 2536 (F.)

1009 2545 1037 2568 c.
1062 2545 1082 2568 a.
1098 2535 1250 2581 quodam
1265 2536 1400 2571 Donato
1416 2538 1452 2571 in
1468 2539 1600 2582 Africa]
1632 2540 1707 2573 Duo

964 2579 1100 2622 Donati,
1117 2592 1208 2615 unus
1226 2581 1386 2616 Caseusis
1410 2584 1483 2618 sive
1500 2595 1519 2618 a
1537 2584 1634 2618 Casis
1659 2587 1708 2618 ni-

963 2626 1046 2670 gris,
1063 2631 1096 2659 et
1112 2627 1197 2660 alter
1213 2626 1506 2673 Carthaginiensis
1524 2631 1627 2675 episc.
1640 2630 1707 2664 Do-

964 2677 1065 2705 natus
1082 2682 1248 2717 magnus:
1267 2675 1369 2708 ambo
1387 2674 1591 2709 Schismatis
1608 2687 1706 2721 ergo-

964 2716 1106 2759 dioctae,
1132 2718 1192 2751 sed
1215 2718 1375 2754 Casensis
1398 2721 1455 2754 ille
1478 2722 1587 2766 prior,
1616 2722 1706 2756 uude

962 2762 1178 2807 Augustinus
1195 2764 1336 2799 Haeresi
1348 2765 1401 2799 69.
1427 2767 1642 2805 ‚Donatiani
1658 2770 1709 2801 vel

965 2808 1169 2842 Donatistae
1199 2817 1277 2843 aunt
1298 2831 1341 2836 —
1365 2832 1408 2837 —
1432 2812 1530 2844 huius
1556 2813 1707 2846 haeresis

956 2856 1148 2898 principem
1180 2859 1366 2901 accipimus
1387 2860 1498 2902 sitisse
1525 2858 1705 2900 Donatum,

964 2901 1021 2942 qui
1037 2900 1077 2932 (Ie
1093 2900 1260 2934 qumidia
1282 2905 1416 2936 veniens
1438 2910 1470 2935 et
1484 2910 1601 2936 contra
1621 2904 1703 2941 Cae-

965 2945 1128 2978 cilianum
1147 2946 1377 2981 Christianam
1401 2950 1553 2981 dividens
1564 2950 1702 2993 plebem,

964 2991 1136 3024 adiunctis
1149 2992 1217 3025 sibi
1234 2995 1377 3027 eiusdem
1386 2996 1555 3037 factionis
1577 2998 1703 3040 eJn'aco-

959 3037 1026 3079 ]n's,
1042 3035 1249 3071 Jlaz'orinum
1272 3040 1366 3083 apud
1387 3038 1628 3083 Carthaqinem
1650 3055 1702 3075 or-

964 3081 1097 3114 dinavit
1117 3085 1314 3127 episcopum.
1356 3084 1418 3117 (sui
1438 3084 1611 3120 illcziorz'no
1634 3087 1702 3122 Do-

1738 1104 1804 1135 Cap.
1825 1103 1976 1129 LXXXIII.
