2052 3374
490 789 785 848 ISIDORI
825 788 1324 847 HISPALENSIS

403 917 672 960 omean
700 916 845 959 LIBRI
863 917 972 959 vin.
1004 916 1200 958 CAPITA
1221 916 1267 957 v.
1289 931 1339 957 m
1361 916 1427 958 11.

533 1173 618 1200 CAP-
637 1173 674 1198 V.
705 1172 760 1199 DE
782 1171 1029 1199 HAERESIBL‘S
1049 1148 1299 1199 IUDAEORUM.

231 1262 268 1303 1.
296 1261 440 1304 Iudaei
461 1261 717 1303 consessores
737 1262 1073 1316 interpretantur.
1104 1259 1255 1302 Multos
1278 1259 1389 1301 enim
1411 1274 1461 1301 ex
1476 1259 1529 1301 iis
1547 1262 1685 1315 sequi-

146 1334 213 1372 tur
233 1330 451 1383 confessio,
471 1343 573 1385 quos
594 1334 716 1370 antea
735 1329 907 1385 perfidia
926 1328 1176 1384 possidebat.

229 1399 268 1440 2.
298 1399 478 1441 Hebraei
496 1399 739 1440 transitores
763 1398 967 1440 dicuntur.
1011 1398 1096 1447 Quo
1118 1398 1284 1439 nomine
1314 1396 1612 1451 admonentur,
1643 1401 1689 1438 ut

147 1466 197 1509 de
224 1467 435 1523 peioribus
463 1467 516 1508 ad
542 1466 714 1508 meliora
739 1471 952 1507 transeant
974 1471 1014 1507 et
1034 1466 1231 1521 pristinos
1253 1479 1410 1507 errores
1437 1466 1686 1520 relinquant.

230 1535 269 1577 3.
298 1535 514 1578 Pharisaei
536 1540 577 1576 et
597 1535 799 1577 Saducaei
828 1536 936 1576 inter
964 1549 1008 1575 se
1038 1534 1234 1576 contrarii
1256 1539 1364 1575 sunt.
1413 1534 1521 1576 Nam
1540 1534 1686 1576 Phari-

147 1605 233 1646 saei
253 1618 304 1646 ex
321 1604 512 1647 Hebraeo
533 1604 579 1644 in
598 1603 792 1644 Latinum
819 1603 1147 1658 interpretantur
1173 1602 1318 1656 divisi,
1348 1617 1393 1645 eo
1423 1603 1533 1658 quod
1558 1602 1686 1645 tradi-

146 1674 308 1715 tionum
328 1677 370 1714 et
396 1673 754 1725 observationum,
784 1686 884 1726 quas
915 1671 975 1713 illi
1007 1665 1258 1728 δευτερώσεις
1286 1677 1457 1725 vocant⁷
1487 1673 1689 1714 iustitiam

147 1741 398 1797 praeferunt.
429 1741 550 1784 Unde
573 1745 614 1782 et
635 1740 758 1782 divisi
778 1745 978 1781 vocantur
999 1755 1023 1781 a
1042 1739 1216 1795 populo,
1239 1740 1358 1794 quasi
1378 1754 1452 1796 per
1472 1740 1686 1782 iustitiam.

231 1810 270 1852 4.
301 1809 505 1852 Saducaei
529 1811 854 1864 interpretantur
873 1810 983 1850 iusti.
1013 1808 1238 1850 Vindicant
1257 1810 1369 1850 enim
1385 1809 1463 1850 sibi
1481 1808 1590 1864 quod
1606 1823 1690 1851 non

149 1883 266 1932 sunt,
294 1880 477 1934 corporis
498 1877 844 1919 resurrectionem
863 1881 1033 1931 negant,
1063 1881 1104 1917 et
1133 1878 1314 1918 animam
1334 1879 1504 1919 interire
1524 1877 1688 1933 praedi-

151 1951 248 1989 cant
269 1961 364 1988 cum
384 1960 565 2002 corpore.
610 1946 664 1987 Hi
686 1947 866 2000 quinque
888 1950 1050 1987 tantum
1070 1945 1196 1987 libros
1217 1945 1320 1999 legis
1341 1948 1566 2002 recipiunt,
1593 1961 1687 2002 pro-

91 2039 94 2043 -
150 2015 369 2070 phetarum
388 2015 586 2057 vaticinia
605 2018 816 2069 respuunt.

235 2083 273 2125 5.
303 2083 452 2125 Esseni
473 2083 618 2124 dicunt
642 2084 778 2137 ipsum
807 2096 898 2124 esse
920 2082 1129 2124 Christum
1160 2084 1230 2138 qui
1251 2082 1391 2125 docuit
1410 2083 1503 2126 illos
1525 2098 1690 2126 omnem

150 2151 457 2194 abstinentiam.

234 2221 273 2262 6.
302 2219 535 2263 Masbothei
564 2219 708 2261 dicunt
739 2221 876 2274 ipsum
905 2233 996 2261 esse
1026 2219 1235 2262 Christum
1263 2221 1333 2275 qm‘
1364 2220 1503 2263 docuit
1528 2220 1621 2264 iUos
1647 2222 1689 2262 in

151 2289 265 2331 omni
284 2303 327 2330 re
348 2289 617 2331 sabbatizare.

236 2358 273 2397 7.
306 2358 499 2399 Genistae
523 2356 624 2398 dicti
644 2370 690 2397 eo
713 2356 822 2411 quod
843 2355 893 2397 de
914 2370 1062 2410 genere
1078 2357 1269 2399 Abrahae
1287 2371 1377 2399 esse
1394 2371 1438 2399 se
1454 2357 1689 2412 gloriantur.

151 2424 258 2467 Nam
278 2439 372 2466 cum
391 2426 436 2466 in
455 2424 727 2478 Babyloniam
747 2426 930 2466 venisset
949 2425 1124 2480 populus
1147 2426 1226 2478 dei,
1247 2426 1431 2481 plerique
1452 2426 1690 2480 relinquen-

152 2497 384 2544 tesuxores
406 2507 501 2534 suas
518 2492 781 2546 Baby-ionicis
798 2493 1039 2535 mulieribus
1057 2494 1348 2546 adhaeserunt,
1369 2494 1536 2548 quidam
1552 2500 1691 2536 autem

151 2561 390 2603 Israeliticis
411 2561 574 2602 tantuin
596 2562 796 2615 coniugiis
815 2564 1012 2615 contenti,
1034 2562 1100 2604 vel
1117 2576 1167 2603 ex
1184 2564 1242 2603 eis
1259 2564 1401 2615 geniti,
1423 2562 1521 2603 dum
1538 2564 1691 2604 reversi

153 2634 296 2672 essent
315 2629 365 2671 de
385 2628 633 2682 Babylonia,
661 2628 891 2671 diviserunt
917 2644 959 2671 se
988 2631 1040 2672 ab
1069 2632 1180 2672 omni
1208 2629 1358 2685 populo
1385 2637 1427 2670 et
1453 2644 1690 2686 assumpse-

155 2702 251 2739 mnt
271 2697 351 2740 sibi
369 2697 448 2738 hoc
469 2710 620 2738 nomen
641 2698 871 2740 iactantiae.

240 2765 278 2807 8.
309 2766 502 2808 Meristae
524 2765 719 2820 appellati
741 2779 787 2806 eo
811 2767 919 2820 quod
940 2770 1133 2821 separant
1153 2768 1394 2821 scripturas,
1414 2780 1495 2808 non
1519 2766 1690 2808 creden—

155 2837 220 2876 tes
240 2834 431 2876 omnibus
452 2832 686 2889 prophetis,
717 2833 901 2876 dieentes
929 2835 1020 2875 aliis
1051 2838 1092 2874 et
1118 2834 1209 2875 aliis
1238 2834 1451 2889 spiritibus
1479 2834 1568 2876 illos
1597 2849 1689 2890 pro-

155 2902 362 2957 phetasse.
391 2900 520 2959 Μέρος
542 2903 652 2943 enim
674 2902 825 2944 Graece
845 2903 977 2958 portio
1000 2902 1162 2944 dicitur.

239 2971 279 3011 9.
310 2970 537 3012 Samaritae
558 2969 659 3011 dicti
680 2969 788 3023 quod
809 2970 941 3024 legem
962 2970 1092 3012 solam
1112 2971 1358 3014 custodiant.
1390 2971 1493 3012 Nam
1516 2971 1690 3027 prophe·

156 3041 220 3079 tas
240 3043 451 3094 respuunt.
