2052 3374
734 127 849 153 LIBER
866 127 1012 153 PRIMUS.
1567 127 1647 170 255

102 231 197 284 quia
218 243 498 285 quoscumque
520 230 731 286 simplices
760 233 1019 284 invenerint,
1050 233 1108 272 ita
1138 244 1208 272 eos
1239 231 1398 273 faciunt
1426 232 1580 272 sentire
1609 235 1650 271 et

101 297 282 340 credere.
332 298 420 340 Hoc
443 298 577 340 scelus
598 299 718 340 valde
740 301 956 341 inimicum
977 300 1122 341 salutis
1144 304 1309 341 nostrae
1330 301 1389 340 ita
1409 298 1648 340 adstruunt:

98 366 203 421 Ergo
227 366 328 408 deus
349 366 442 408 illas
472 367 614 409 sordes
642 368 789 409 habuit
817 370 1043 420 sustinere,
1072 381 1173 422 quas
1202 368 1404 409 naturalis
1432 369 1648 422 conceptio

99 439 242 490 partus
264 439 306 476 et
326 436 524 490 parientis
546 435 720 489 infligit?
748 436 975 490 habuitque
1005 437 1071 477 dei
1098 436 1208 477 filius
1236 437 1388 478 habere
1416 436 1555 478 alvum
1577 435 1648 477 de-

99 507 216 557 gesta
236 517 311 545 sua
330 503 582 556 abluentem,
603 504 820 546 humorem
840 505 888 546 de
911 505 1095 557 naribus,
1117 505 1289 546 salivam
1311 519 1361 546 ex
1382 519 1465 558 ore,
1487 504 1651 546 sordem

99 571 146 612 in
166 585 278 625 aure,
298 573 342 613 in
362 576 508 613 ventre
532 577 727 626 stercora,
748 577 939 627 putorem
959 574 1003 614 in
1025 572 1315 614 exhalatione?
1338 578 1378 614 et
1398 573 1462 614 his
1485 573 1651 625 similia,

101 652 204 694 quae
225 641 390 681 insania
409 642 562 681 mentis
585 642 802 694 excogitat.
833 641 908 682 His
927 641 1206 682 Tertullianus
1222 642 1491 682 vehementer
1508 656 1649 684 occur-

99 708 173 761 rit,
201 708 425 750 ostendens
449 709 515 750 dei
537 709 667 750 filium
687 709 991 764 impassibilem
1020 723 1133 762 esse,
1162 715 1203 750 et
1230 712 1311 751 ista
1339 710 1547 751 divinitati
1567 724 1650 751 non

99 777 309 830 iniuriam,
331 777 405 818 sed
424 777 589 818 laudem
605 777 777 818 adferre.
810 778 927 819 Sicut
943 791 1028 831 rex,
1050 780 1119 832 qui
1134 778 1278 819 volens
1296 779 1466 820 anulum
1482 793 1652 820 aureum

103 858 198 886 cum
218 859 381 899 gemma
402 846 451 887 de
474 845 614 887 cloaca
642 845 801 899 levare,
828 845 965 886 induit
993 860 1035 887 se
1065 847 1262 888 servilem
1288 849 1494 901 tunicam,
1523 852 1564 888 et
1592 849 1650 888 sic

103 912 319 955 descendit
339 914 391 956 ad
414 913 616 967 cloacam,
643 918 689 955 ut
717 918 941 955 stercoreas
968 915 1142 956 iniurias
1173 916 1315 956 tunica
1344 916 1417 957 illa
1438 917 1650 971 suscipiat,

102 985 144 1023 et
162 983 334 1024 mittens
359 996 530 1024 manum
558 986 599 1023 et
625 982 795 1023 anulum
826 997 998 1024 aureum
1029 997 1122 1024 cum
1149 997 1313 1037 gemma
1339 986 1518 1040 eripiens
1546 998 1653 1039 aqua

102 1049 253 1103 abluit,
275 1055 317 1091 et
338 1051 463 1105 digito
487 1065 560 1092 suo
582 1051 711 1104 regali
731 1051 888 1104 induit,
909 1056 1181 1107 posteaquam
1201 1052 1298 1093 inde
1321 1053 1573 1094 ascenderit:
1594 1054 1653 1094 ita

101 1118 245 1173 procul
263 1119 386 1161 dubio
410 1119 477 1160 dei
497 1119 606 1160 filius
626 1120 803 1160 formam
825 1121 933 1161 servi
955 1122 1186 1175 suscipiens
1208 1123 1323 1162 venit
1339 1136 1423 1163 non
1445 1121 1579 1163 solum
1600 1121 1652 1163 ad

101 1187 253 1229 inferos
276 1187 497 1240 caelorum,
518 1188 675 1229 ubinos
693 1201 850 1241 sumus,
872 1190 941 1243 qui
962 1189 1151 1230 videmur
1170 1190 1309 1231 vivere
1330 1192 1373 1232 in
1388 1190 1559 1244 mundo,
1579 1190 1652 1232 sed

102 1257 228 1297 etiam
258 1256 311 1297 ad
341 1256 496 1298 inferos
529 1257 767 1309 inferiores,
804 1258 874 1311 qui
908 1261 1023 1299 tanto
1055 1272 1079 1298 a
1108 1258 1229 1300 nobis
1261 1262 1358 1300 sunt
1391 1259 1653 1314 profundius,

104 1328 256 1379 quanto
277 1338 352 1366 nos
375 1338 517 1366 sumus
540 1325 666 1378 caelo,
689 1329 729 1366 et
748 1330 794 1366 ut
814 1325 911 1366 inde
933 1326 1160 1367 humanum
1180 1341 1309 1380 genus
1331 1329 1529 1383 eriperet,
1550 1342 1651 1369 cun-

104 1397 264 1434 ctarum
285 1393 490 1446 sordium,
518 1408 602 1435 non
624 1408 813 1447 suarum,
843 1394 916 1435 sed
937 1399 1193 1448 nostrarum,
1220 1400 1283 1437 est
1303 1396 1537 1450 squalorem
1556 1411 1651 1452 per-

102 1475 261 1518 pessus.
292 1462 371 1503 Pro
392 1462 630 1503 viventibus
658 1464 717 1503 sie
747 1463 850 1504 vixit
877 1464 984 1504 sicut
1005 1477 1079 1504 1103
1104 1464 1174 1517 qui
1193 1466 1393 1518 vivimus,
1414 1465 1520 1506 nihil
1540 1466 1651 1507 aliud

104 1529 265 1572 distans
293 1531 375 1571 nisi
402 1530 479 1572 hoc
514 1530 621 1584 quod
652 1531 961 1572 immaculatam
981 1533 1111 1572 vitam
1133 1534 1335 1585 exercuit,
1363 1533 1522 1575 habens
1543 1535 1653 1575 intra

104 1612 148 1640 se
160 1598 303 1640 deum:
324 1612 398 1654 pro
414 1601 589 1640 mortuis
611 1601 670 1640 sic
691 1603 893 1652 mortuus,
915 1600 1019 1641 nihil
1041 1600 1201 1641 distans
1222 1603 1304 1642 nisi
1325 1601 1416 1655 1100,
1439 1602 1547 1656 quod
1569 1607 1651 1644 ter-

103 1668 162 1708 tia
188 1666 254 1709 die
284 1669 512 1708 resurrexit
538 1682 562 1708 a
588 1670 782 1720 mortuis,
812 1672 853 1708 et
881 1668 990 1722 quod
1016 1674 1234 1723 propterea
1263 1671 1321 1711 sic
1345 1670 1579 1724 descendit,
1607 1676 1653 1712 ut

104 1739 269 1777 sanctos
290 1735 387 1776 inde
416 1739 578 1776 erueret
609 1740 650 1776 et
676 1738 822 1777 mortis
851 1738 1084 1791 principem
1112 1738 1317 1791 religaret.
1371 1740 1487 1789 Quod
1515 1744 1653 1781 autem

103 1803 273 1845 anulum
295 1818 467 1845 aureum
488 1818 582 1845 cum
603 1818 766 1857 gemma
785 1807 943 1859 posuit,
971 1805 1049 1847 hoc
1078 1807 1121 1847 in
1143 1809 1332 1861 sequenti
1353 1807 1531 1849 lectione
1554 1809 1651 1850 edo-

105 1873 210 1925 cuit,
238 1872 348 1926 quod
374 1872 544 1914 anulum
573 1887 720 1928 corpus
747 1875 950 1928 posuerit,
979 1888 1185 1927 gemmam
1210 1890 1306 1917 vero
1335 1876 1540 1919 inclusam
1562 1892 1652 1919 esse

104 1940 287 1981 animam
307 1940 543 1982 declaravit.
593 1942 714 1982 Hunc
742 1956 835 1995 ergo
864 1942 1034 1984 anulum
1066 1943 1114 1984 de
1137 1945 1388 1987 stercoribus
1409 1948 1591 2001 antiquis
1614 1951 1653 1987 et

105 2007 155 2050 de
179 2008 319 2050 cloaca
338 2008 460 2050 huius
481 2009 626 2050 mundi
648 2010 835 2051 Christus
859 2010 1025 2053 elevans
1054 2027 1100 2053 ac
1132 2012 1395 2068 baptismatis
1424 2016 1537 2057 unda
1557 2030 1651 2071 per-

103 2076 298 2130 fundens,
320 2078 371 2119 ab
394 2077 505 2118 omni
528 2078 715 2131 squalore
737 2078 932 2133 abluens,
961 2081 1003 2121 in
1032 2082 1117 2122 suis
1145 2082 1244 2123 fecit
1273 2085 1429 2124 sanctis
1457 2085 1652 2126 manibus

105 2145 278 2187 radiare.
329 2144 544 2200 Siquidem
572 2148 630 2187 ita
658 2146 825 2200 legitur:
854 2147 1090 2190 vastorum
1117 2158 1253 2192 autem
1275 2154 1441 2193 (mimae
1460 2154 1504 2193 ‘in
1524 2168 1653 2195 manu

106 2215 174 2255 clei
190 2221 308 2263 sunm·
338 2217 379 2254 et
400 2215 569 2255 iterum:
599 2214 738 2256 ³l’0oze
763 2231 825 2257 me
844 2218 954 2258 sicut
974 2219 1146 2259 (mulum
1165 2220 1210 2260 <in
1230 2235 1358 2261 'manu
1380 2228 1474 2271 ταας
1497 2226 1556 2262 et:
1578 2221 1652 2263 4I2z

104 2296 253 2323 mamas
275 2289 368 2322 tuas
391 2284 624 2324 commendo
645 2285 840 2338 spiritum
858 2300 1015 2326 meum:
1041 2290 1082 2327 et
1107 2288 1270 2328 infinita
1298 2293 1394 2329 sunt
1414 2288 1479 2331 his
1501 2290 1654 2332 similia

105 2352 148 2391 in
171 2351 298 2392 sacris
319 2350 523 2405 apicibus,
545 2364 648 2404 quac
670 2366 745 2393 nos
768 2367 892 2394 causa
914 2353 1128 2397 brevitatis
1152 2358 1391 2399 omittentes
1413 2357 1465 2400 ad
1482 2372 1652 2412 sexage-

106 2419 253 2460 simam
275 2422 316 2459 et
336 2420 511 2473 primam
532 2419 749 2461 haeresem
769 2421 1025 2464 accedamus.

191 2486 499 2540 Sexagesimam
522 2492 561 2528 et
582 2490 760 2542 primam
779 2489 985 2532 haeresim
1006 2492 1230 2534 Patriciani
1250 2494 1453 2547 fecerunt,
1474 2510 1498 2535 a
1517 2495 1652 2537 Patri-

107 2556 168 2597 cio
191 2559 404 2596 sumentes
422 2555 648 2596 exordium.
679 2557 732 2598 Hi
750 2558 1026 2601 substantiam
1044 2563 1178 2602 carnis
1196 2561 1400 2603 humanae
1422 2576 1505 2603 non
1522 2578 1546 2604 a
1563 2563 1652 2617 deo,

107 2622 180 2664 sed
200 2637 225 2664 a
245 2623 408 2665 diabolo
439 2623 650 2665 conditam
679 2625 841 2666 dicunt:
871 2641 1044 2682 eamque
1073 2630 1132 2669 sic
1162 2629 1442 2683 detestantur,
1469 2636 1514 2672 ut
1541 2631 1651 2673 hunc

108 2691 248 2733 dicant
267 2705 358 2733 0330
380 2693 610 2747 perfectum
633 2694 702 2747 qui
724 2708 766 2734 se
788 2698 967 2749 potuerit
996 2700 1235 2738 constanter
1257 2698 1456 2739 occidere.
1506 2699 1566 2740 Ex
1587 2700 1651 2741 his

108 2764 204 2801 sunt
224 2759 426 2814 aliquanti
448 2762 514 2814 qui
539 2763 663 2802 etiam
685 2768 830 2816 rogant
858 2779 926 2806 eos
956 2779 1057 2819 quos
1086 2767 1323 2806 invenerint
1352 2767 1512 2819 ignotos
1534 2773 1579 2808 ut
1599 2769 1650 2810 ab

109 2829 168 2870 eis
196 2827 448 2870 occidantur.
500 2829 611 2870 Ilaec
639 2831 801 2872 insania
829 2833 871 2873 in
899 2833 1087 2888 partibus
1115 2833 1332 2875 Numidiae
1361 2837 1584 2890 superioris
1611 2841 1652 2877 et

174 2972 205 3008 2.
230 2973 310 3019 Sap.
328 2973 389 3016 111,
416 2975 442 3008 l.
513 2975 543 3009 3.
562 2975 657 3010 Cant.
675 2976 761 3019 VIII,
779 2978 807 3011 G.
879 2980 910 3013 4.
927 2978 1041 3013 psalm
1059 2979 1176 3022 XXX,
1194 2980 1224 3014 G.

1678 2507 1745 2539 Cap.
1763 2507 1835 2533 LX1.
