2084 3374
649 777 1251 838 CATALOGUS

200 942 359 977 EORUM
383 942 458 984 QUI
482 941 600 976 ANTE
626 939 897 974 ADVENTUMfl
919 939 1094 973 CHRISTI
1118 938 1380 972 HAERESEOS
1406 936 1696 971 ARGUUNTUR.

170 1169 332 1247 Primi
362 1200 461 1238 sunt
488 1196 711 1251 Ophitaeb,
747 1197 816 1249 qui
851 1195 1045 1236 dicuntur
1074 1193 1349 1249 Serpentinic.
1404 1193 1476 1233 Isti
1513 1190 1727 1232 colubrum
1754 1199 1860 1231 Cap-1-

170 1269 441 1318 venerantur,
463 1265 649 1307 dicentes
673 1263 781 1319 quod
805 1264 871 1305 hie
890 1265 1000 1319 prior
1017 1265 1183 1304 initium
1204 1262 1324 1303 nobis
1347 1262 1545 1302 scientiae
1570 1260 1667 1301 boni
1690 1262 1731 1299 et

170 1335 268 1377 mali
290 1334 486 1376 attulerit.
527 1333 648 1376 Unde
678 1335 715 1374 ei
745 1332 986 1374 dominumd
1015 1331 1216 1373 invidisse
1239 1334 1451 1384 asserunt,
1474 1331 1571 1384 quia
1592 1330 1727 1370 scien-

259 1437 340 1482 Cap.
357 1436 382 1470 I.
406 1439 442 1470 in
467 1436 574 1470 Bechc.
598 1438 793 1481 inscriptam
820 1435 920 1469 habet
944 1435 1113 1469 OPmTAE.
1132 1455 1174 1459 —

216 1529 335 1574 Cap.1.
351 1550 394 1554 —
416 1539 446 1562 a.
463 1528 589 1562 EORUM
603 1540 660 1566 er
681 1540 768 1561 ANTE
785 1539 914 1561 ADVER-

172 1587 241 1608 'tvm
259 1576 411 1618 cums'rr]
438 1574 614 1615 Quaedam
627 1573 786 1606 haereses
802 1584 845 1606 ex
862 1573 915 1606 his

172 1629 259 1666 quae
276 1631 386 1665 usque
404 1620 445 1653 ad
466 1623 570 1665 caput
586 1619 916 1663 duodetrigesimum

172 1679 192 1700 a
204 1666 372 1700 Philastro
386 1666 590 1707 referuntur⁷
604 1677 673 1698 non
686 1665 824 1698 fuerunt
838 1669 916 1697 ante

171 1713 357 1746 adventum
367 1711 502 1753 Christi,
515 1722 627 1756 neque
641 1711 705 1744 sub
719 1710 864 1751 Iudaeis,
880 1714 917 1743 ut

171 1759 205 1791 in
222 1758 366 1803 praefat.
390 1757 558 1790 Philaster
578 1757 738 1801 loquitur,
765 1755 915 1789 defluxe-

171 1808 260 1845 runt⁷
274 1804 354 1837 licet
367 1815 384 1836 e
397 1803 505 1836 veteri
513 1806 721 1836 testamento
732 1813 852 1835 ansam
867 1813 917 1835 er—

171 1850 256 1882 roris
271 1850 326 1882 sui
338 1849 520 1894 arripuere,
534 1852 572 1882 ut
585 1849 701 1881 statim
716 1847 870 1892 Ophitae,
885 1851 918 1880 et

172 1894 302 1936 Caiani,
314 1894 547 1939 Sethianique.
559 1895 699 1927 Rectius
711 1894 826 1938 itaque
836 1894 916 1926 Ter-

171 1941 348 1982 tullianus,
362 1941 421 1986 qui
432 1941 510 1974 illos
526 1951 553 1974 c.
567 1940 620 1981 45,
635 1944 735 1973 vocat
750 1940 918 1972 Iudaismi

173 1987 370 2027 haereticos,
385 1987 470 2020 alios
480 1989 560 2030 „qui
569 1999 607 2019 er
617 1987 788 2029 evanyelz'o
799 1985 916 2017 haerc-

173 2035 234 2066 tic-i
246 2044 316 2065 ease
334 2033 541 2073 voluerunt“‚
563 2032 634 2065 sive
655 2035 691 2064 ut
716 2032 917 2075 Hieronymi

172 2078 285 2112 verbis
300 2081 376 2111 utar
388 2080 468 2122 „qui
480 2077 915 2120 evanqelial(1121'ctz·e1·wz†.”

176 2122 297 2167 [„’Arcb
316 2123 419 2168 νόμου
437 2122 469 2162 ἐξ
482 2122 649 2156 Ἰουδαίων
664 2122 825 2167 edema?
838 2122 916 2167 Epi-

171 2169 273 2215 phan.
284 2169 407 2203 Ancor.
417 2180 490 2214 cap.
508 2169 558 2202 12.
568 2172 649 2202 tom.
660 2168 700 2209 ΙΙ,
714 2180 746 2213 p.
764 2168 915 2211 18.](F.)

218 2215 251 2249 b.
268 2214 375 2248 Primi
388 2218 469 2248 sunt
482 2214 642 2260 Ophitae]
662 2213 738 2247 Non
751 2215 915 2258 temporis

173 2261 315 2302 ratione,
333 2261 392 2294 sed
409 2260 501 2306 quod
517 2261 552 2294 in
569 2261 680 2305 primo
695 2260 811 2293 statim
825 2260 915 2304 prin-

173 2307 262 2352 cipio
280 2317 318 2340 ac
336 2307 453 2340 limine
467 2307 573 2340 veluti
584 2306 685 2351 primi
699 2306 775 2338 libri
792 2306 915 2339 veteris

174 2353 372 2386 testamenti
388 2353 616 2397 impegerunt.
652 2351 783 2385 Mentio
799 2363 917 2385 eorum

175 2397 265 2442 apud
293 2398 528 2443 Augustinum
558 2398 598 2430 de
627 2397 834 2430 Il'aeresibus
846 2424 853 2437 ‚
884 2401 917 2430 et

175 2444 360 2477 Auctorem
375 2443 625 2477 Praedestinati
643 2454 715 2488 cap.
736 2443 796 2483 1'1'.7
816 2443 917 2476 alios-

177 2500 253 2534 que.
303 2489 376 2532 (F.)

228 2546 255 2568 c.
282 2535 341 2580 qui
357 2535 516 2568 dicuntur
532 2534 734 2579 serpentini]
752 2533 776 2567 Ι.
792 2545 819 2567 e.
835 2545 918 2579 quo-

175 2592 251 2614 rum
278 2592 407 2614 nomen
433 2581 538 2614 latine
567 2581 615 2613 ita
643 2579 762 2613 ess'erre
790 2581 917 2624 possis.

177 2627 241 2660 Pro
251 2626 384 2672 ophitis
398 2627 470 2660 sive
483 2631 521 2660 ut
533 2637 713 2671 perperam
726 2625 917 2659 inPseudo-

176 2673 378 2716 Hieronymi
413 2672 563 2705 indiculo
603 2672 762 2705 scribitur
798 2673 918 2715 Qffitfs,

177 2718 266 2762 apud
284 2717 480 2761 Origemem,
506 2717 627 2761 [Clem.
646 2717 829 2750 Alexandr.
848 2717 917 2750 VII.

176 2763 301 2797 Strom.
309 2775 342 2808 p.
351 2763 442 2806 765]‚
453 2766 487 2797 et
493 2763 745 2797 Theodoretum
756 2766 806 2795 est
817 2762 920 2795 etiam

177 2820 304 2842 nomen
321 2808 560 2854 Oplcz'cmorum,
574 2814 606 2842 et
621 2812 817 2852 corruptum
831 2808 919 2853 apud

177 2853 670 2899 SophronimnSoplzia71m·nm,
688 2854 754 2886 nisi
764 2854 809 2886 ita
818 2854 920 2887 etiam

178 2900 259 2933 dicti
276 2904 372 2941 sunt,
391 2900 481 2944 quod
498 2899 620 2945 Σοφίαν
644 2899 811 2943 serpentis
835 2899 918 2932 ima—

178 2945 296 2989 ginem
318 2946 526 2979 assumsisse
554 2945 714 2978 dixerunt
742 2948 830 2977 teste
852 2944 918 2977 Ire-

177 3001 263 3024 naeo
279 2991 371 3024 lib.I.
387 3002 415 3024 c..
429 2990 483 3024 34.
507 2991 606 3036 Apud
621 2989 872 3024 Theodoretum
887 2994 920 3023 et

176 3035 382 3081 Procopium
411 3036 584 3070 Gazaeum
612 3037 646 3069 111
669 3036 700 3069 4.
730 3035 840 3079 Reggg.
868 3037 917 3069 18.

177 3080 345 3116 Hebraica
359 3083 586 3128 appellatione
599 3082 741 3116 veniunt
755 3081 919 3124 Ναασηνοὶ
946 3100 953 3107 -

985 1527 1050 1571 (ita
1077 1526 1169 1559 enim
1186 1525 1388 1570 legendum,
1421 1535 1490 1557 nou
1520 1522 1683 1564 Ἰἐσθηνοἱ1
1714 1534 1734 1555 a

985 1576 1084 1611 ’Ἐκ-,3
1127 1572 1217 1616 quod
1253 1570 1417 1604 Hebraeis
1461 1572 1655 1613 serpentem
1696 1572 1732 1601 ut

987 1618 1126 1651 (iraecis
1146 1615 1214 1661 ὄφις
1233 1617 1382 1649 denotat.
1421 1615 1506 1649 Vide
1525 1614 1733 1648 Cotelerium

986 1665 1023 1698 T.
1041 1665 1068 1697 l.
1082 1664 1295 1698 Monument.
1310 1662 1439 1695 Eccles..
1456 1660 1606 1694 Graecae
1621 1672 1651 1704 p.
1668 1659 1732 1692 769

986 1715 1020 1743 et
1036 1710 1120 1743 Tho.
1138 1710 1294 1753 Ittigium
1312 1708 1367 1740 τὀν
1394 1707 1572 1752 μακαρίτην
1591 1707 1672 1740 diss.
1691 1707 1731 1740 de

984 1754 1240 1790 Haeresiarchis
1258 1754 1477 1799 Apostolicae
1495 1753 1599 1786 aetati
1615 1753 1731 1797 proxi-

987 1802 1052 1835 mis
1070 1814 1102 1846 p.
1124 1801 1197 1834 120.
1232 1800 1259 1833 E
1279 1799 1452 1834 Gnosticis
1469 1798 1731 1839 Valentinianis,

986 1848 1041 1881 vel
1062 1847 1278 1881 Marcionitis
1303 1845 1366 1878 hos
1391 1844 1533 1889 Ophitas
1562 1844 1732 1888 prodiisse

986 1892 1071 1926 mihi
1092 1892 1301 1938 persuadeo,
1333 1891 1425 1936 quod
1445 1889 1651 1935 Ophitarum
1674 1890 1732 1922 do-

986 1940 1096 1972 ctrina
1104 1938 1194 1984 apud
1203 1937 1433 1983 Epiphanium
1442 1935 1731 1981 XXXVII.3.seq.

986 1985 1237 2018 Tertullianum
1273 1983 1418 2028 append.
1453 1982 1493 2015 de
1529 1981 1731 2027 Praescript.

987 2042 1014 2065 c.
1032 2031 1086 2065 47.
1113 2030 1298 2075 Origenem
1314 2029 1370 2063 VI.
1394 2033 1514 2062 contra
1537 2027 1676 2061 Celsum
1698 2039 1731 2072 p.

987 2076 1061 2110 295.
1080 2088 1152 2121 seq.
1171 2080 1204 2109 et
1221 2075 1377 2109 Nicetam
1394 2074 1450 2107 lV.
1475 2072 1642 2107 Thesauri
1659 2084 1686 2106 c.
1702 2071 1731 2106 9.

985 2123 1083 2155 valde
1117 2122 1230 2155 affinis
1262 2125 1315 2154 est
1347 2120 1550 2154 commentis
1580 2119 1731 2152 Valenti-

985 2169 1168 2202 nianorum
1184 2171 1218 2201 et
1233 2166 1406 2201 Gnosticis
1420 2166 1605 2199 Pruuicum
1619 2165 1732 2198 colen-

985 2215 1088 2255 tibus
1108 2214 1232 2259 quibus
1251 2213 1355 2246 etiam
1379 2223 1399 2245 a
1417 2212 1451 2245 S.
1468 2211 1608 2244 Irenaeo
1629 2211 1731 2256 Ophi-

985 2264 1040 2293 tae
1062 2260 1263 2304 iunguntur.
1295 2258 1475 2292 Praeterea
1497 2256 1731 2291 Theodoretus

986 2306 1045 2339 lib.
1066 2306 1093 2339 1.
1117 2306 1158 2339 de
1180 2305 1368 2339 Haereticis
1392 2304 1532 2337 Fabulis
1557 2314 1584 2336 c.
1610 2302 1662 2336 24.
1693 2314 1732 2335 ac

986 2351 1124 2385 Nicetas
1148 2351 1204 2385 IV.
1232 2351 1282 2384 14.
1323 2350 1506 2387 Thesauri,
1540 2354 1658 2382 auctor
1681 2353 1733 2381 est

986 2398 1210 2431 Marcionitas
1234 2400 1431 2441 serpentem
1455 2394 1608 2428 Creatori
1636 2405 1730 2438 prae-

986 2444 1107 2477 tulisse
1121 2447 1153 2476 et
1162 2443 1329 2487 singulari
1342 2442 1437 2474 cultu
1449 2444 1630 2474 veneratos
1645 2451 1730 2473 esse.

986 2490 1114 2523 Mirum
1130 2500 1210 2522 vero
1230 2488 1321 2533 quod
1337 2487 1440 2520 tradit
1456 2486 1547 2519 idem
1565 2486 1730 2529 Origenes

986 2546 1018 2579 p.
1034 2535 1109 2568 294.
1127 2534 1301 2568 neminem
1318 2533 1360 2566 ab
1378 2531 1543 2577 Ophianis
1560 2530 1731 2575 Euphrate

987 2585 1124 2614 auctore
1132 2581 1168 2613 111
1183 2591 1285 2613 51111111
1294 2583 1431 2612 coetum
1440 2578 1630 2611 admissum
1645 2588 1730 2615 esse,

990 2625 1062 2666 ,ἐὰν
1098 2625 1141 2671 μὴ
1176 2624 1252 2670 ἀρὰς
1282 2625 1373 2668 θῆται
1401 2622 1483 2656 κατὰ
1511 2626 1567 2656 τοῦ
1592 2621 1730 2663 Ὶησοῦ.”

987 2672 1081 2706 Idem
1105 2670 1278 2716 Ophianos
1309 2674 1342 2704 et
1367 2670 1513 2703 Caiauos
1549 2668 1686 2701 omnino
1712 2678 1731 2699 a

988 2718 1067 2751 Iesu
1090 2717 1244 2750 doctrina
1273 2716 1402 2749 alienos
1421 2715 1541 2748 scribit
1564 2714 1620 2747 lib.
1645 2712 1675 2745 3.
1696 2724 1728 2756 p.

992 2763 1075 2803 119„
1095 2767 1127 2796 et
1144 2762 1257 2796 Iesum
1275 2762 1414 2795 omnino
1433 2761 1475 2794 ab
1494 2760 1542 2793 eis
1566 2758 1730 2801 abnegari

988 2809 1046 2842 lib.
1066 2809 1095 2842 7.
1114 2820 1146 2853 p.
1164 2807 1240 2841 358.
1260 2807 1545 2840 absurdissimum
1560 2803 1729 2848 (lphiano-

990 2866 1065 2887 rum
1095 2854 1221 2898 dogma
1249 2857 1349 2886 vocat
1371 2863 1433 2885 nec
1464 2848 1728 2894 simplicissimis

989 2911 1203 2945 persuasrun,
1222 2903 1254 2932 et
1270 2898 1450 2932 haeresini
1477 2906 1590 2929 sorum
1606 2893 1729 2938 ἀσημο-

987 2944 1084 2987 τὰτην
1110 2945 1167 2978 lib.
1186 2945 1216 2978 G.
1234 2956 1265 2990 p.
1285 2944 1360 2977 291.
1384 2946 1421 2976 ut
1444 2909 1627 2985 {grocopius
1652 2939 1728 2971 δυσ-

989 2989 1191 3035 σεβεστάτη).
1241 2990 1313 3032 (F.)

1042 3036 1073 3070 d.
1104 3036 1282 3069 dominum
1309 3034 1487 3075 invidisse]
1519 3029 1728 3071 laldabaoth,

989 3083 1091 3116 deum
1119 3081 1338 3123 Iudaeorum,
1369 3078 1531 3113 invidisse
1562 3076 1731 3110 docebant
