2052 3374
637 226 836 253 INDICL’LUS
855 229 906 255 DE
925 230 1166 259 HAERESIBUS.
1591 244 1670 286 289

125 322 237 362 temb
259 326 302 363 et
321 323 577 381 1⁷Hedonen,
603 329 809 374 Acineton
832 338 873 376 et
893 335 1145 392 Syncrasim,
1170 339 1443 396 Monogenem
1471 349 1512 387 et
1529 345 1668 390 Maca-

117 390 226 432 1130.
276 391 499 436 Hominem
526 398 652 440 etiam
680 400 907 444 1Semisisse
935 405 1035 447 alios
1063 405 1214 458 Αἰῶνας
1233 409 1322 464 XII,
1348 411 1602 458 Paraclitum
1629 421 1670 458 et

120 456 278 514 Fidem,
300 459 556 507 ¹⁹Matricum
579 471 620 507 et
639 465 823 527 Ἀγάπην,
843 471 998 515 Ainum
1020 478 1060 517 et
1075 473 1246 529 Σύνεσιν,
1266 478 1606 527 Ecclesiasticum
1628 490 1669 527 et

119 524 448 586 Beatitudinem,
477 531 741 580 20Theletum
763 543 803 579 et
829 537 1102 595 Sapientiam:
1131 544 1454 606 ²¹Propatorque
1482 556 1667 596 omnium

120 594 197 637 soli
218 598 405 651 cognitus
428 606 492 642 est
511 602 662 646 Sensui
683 620 734 647 ex
755 620 800 648 eo
821 610 1117 666 primogenito,
1148 618 1296 658 ceteris
1317 617 1497 662 22autem
1517 624 1663 665 invisi-

119 661 213 706 bilis
245 670 309 707 est
336 671 378 709 et
402 669 847 728 incomprehensibilis
909 676 1226 726 23Τ1100011111101
1259 687 1398 742 itaque
1429 689 1663 747 Seculum0,

117 733 227 787 quod
248 739 312 776 est
331 735 559 794 Sapientia,
581 745 817 799 concupivit
831 746 998 790 Patrem
1017 750 1169 792 videre.
1202 754 1318 804 Quod
1340 770 1434 799 01110
1454 757 1660 815 ²4aggres-

115 814 209 842 sum
230 807 353 857 esset,
373 819 504 860 paene
524 812 732 866 periisset,
754 816 948 868 quoniam
968 831 1052 860 non
1072 822 1207 874 potuit
1228 837 1372 879 capere
1394 827 1566 880 gloriam
1585 844 1660 886 pa-

112 871 296 925 ternam,
316 870 348 897 25
359 878 400 914 01
417 875 683 931 Enthymesis
705 881 861 936 aliquid
887 883 920 909 2⁶
930 886 1311 934 inconsummatum
1331 894 1396 948 fit,
1428 909 1551 950 quam
1570 899 1658 940 Ma-

111 941 219 981 trem
238 946 403 995 vocant,
433 949 474 985 et
495 947 590 1000 quia
610 947 746 991 aliena
765 949 797 974 2⁷
810 951 1048 1009 destinavit,
1077 961 1117 998 et
1142 972 1371 1004 maerorem
1390 978 1515 1019 passa
1536 972 1599 1009 est
1619 973 1660 1010 et

110 1004 342 1050 lacrimavit
361 1015 402 1052 et
422 1014 525 1054 risit.
574 1014 636 1057 Ex
655 1016 722 1058 his
743 1019 889 1075 itaque,
904 1025 1167 1078 passionibus
1187 1028 1263 1071 hoc
1291 1029 1521 1076 28seculum
1547 1034 1656 1079 2910-

107 1076 349 1130 migratum:
379 1079 428 1121 de
450 1081 699 1127 alienatione
717 1089 932 1144 tenebrae,
965 1092 1013 1133 de
1038 1095 1184 1137 timore
1202 1099 1388 1153 spiritale
1421 1100 1654 1159 ³0maligni-

106 1145 225 1198 tatis,
256 1145 306 1188 de
331 1162 515 1192 maerore
537 1153 720 1196 stabilita
739 1160 868 1212 terra,
898 1159 947 1201 de
969 1159 1150 1205 lacrimis
1178 1179 1307 1220 aquae
1328 1170 1519 1224 profusae
1544 1179 1654 1228 sunt,

107 1211 158 1253 de
177 1214 264 1256 risu
284 1214 360 1258 hoc
380 1216 521 1260 lumen
541 1220 698 1264 factum
721 1229 795 1266 est.
828 1226 1038 1272 Christum
1059 1236 1198 1276 autem
1218 1234 1296 1277 hoc
1319 1236 1420 1280 dicit
1441 1240 1652 1284 docuisse:

103 1279 277 1329 Missum
302 1285 346 1326 in
373 1285 483 1329 hunc
509 1291 712 1334 mundum
740 1298 781 1334 et
806 1295 944 1350 ipsum
973 1298 1181 1343 Christum
1209 1317 1233 1344 a
1251 1304 1374 1347 Patre
1403 1307 1455 1349 ad
1476 1309 1653 1354 salutem

103 1349 248 1392 mundi
267 1365 352 1395 non
373 1368 424 1396 ex
442 1355 571 1399 Maria
592 1373 778 1415 carnem,
798 1364 843 1405 in
865 1378 946 1419 qua
965 1372 1087 1410 natus
1110 1374 1191 1424 est,
1212 1373 1409 1430 traxisse,
1431 1378 1505 1420 sed
1527 1382 1649 1435 spiri-

102 1417 184 1459 tale
206 1433 352 1476 corpus
368 1422 577 1480 habuisse,
599 1432 640 1469 et
658 1443 732 1484 per
746 1430 899 1474 Mariae
916 1436 1089 1490 viscera,
1111 1442 1227 1493 quasi
1244 1455 1351 1496 aqua
1365 1458 1439 1499 per
1454 1447 1649 1503 fistulam,

99 1489 329 1531 transiisse.
359 1491 411 1534 Et
430 1493 522 1535 ideo
543 1509 621 1538 000
642 1503 918 1544 resurrexisse
942 1518 1036 1546 eum
1057 1507 1200 1561 credit,
1223 1512 1319 1564 quia
1333 1526 1409 1554 nec
1426 1521 1647 1571 mortiunn,

99 1554 280 1612 ³¹utpote
301 1572 426 1614 quem
444 1564 662 1608 mortalem
682 1581 765 1609 non
785 1568 979 1614 habuisse
1005 1588 1173 1617 carnem
1194 1577 1497 1635 blasphemant.
1535 1585 1648 1628 Dicit

100 1628 141 1665 et
159 1627 240 1667 tria
261 1641 351 1669 esse
372 1643 524 1683 genera
549 1635 781 1678 nativitatis
802 1637 1019 1695 humanae,
1046 1645 1191 1701 χοϊκὸν,
1220 1649 1411 1704 30101310,
1442 1654 1645 1708 spiritale:

97 1692 172 1734 sed
190 1696 325 1752 χοϊκόν
353 1696 629 1744 ³2incredulos
658 1718 768 1759 esse,
799 1711 839 1747 et
866 1722 916 1749 ex
943 1714 1191 1754 necessitate
1220 1719 1378 1771 perire:
1409 1718 1440 1745 33
1452 1723 1644 1778 30101310,

99 1762 208 1815 quod
226 1765 409 1808 medium
429 1770 511 1821 e‘st3
532 1784 631 1812 nam
652 1786 730 1827 quo
752 1788 795 1815 se
816 1777 1120 1835 inclinaverint,
1147 1782 1206 1824 ibi
1227 1791 1388 1840 partem
1408 1787 1642 1834 habituros:

95 1831 279 1886 spiritale
300 1839 452 1889 autem,
483 1839 592 1891 quod
614 1854 657 1881 se
680 1841 836 1896 dicunt,
859 1859 948 1887 esse
970 1846 1162 1890 34τέλειον
1189 1852 1241 1894 ab
1268 1855 1388 1898 initio
1411 1871 1553 1900 semen
1575 1875 1641 1902 sa-

93 1897 206 1953 lutis,
237 1904 307 1956 qui
326 1905 371 1944 in
392 1904 783 1951 Consummationed
806 1912 1047 1958 Seculorum
1066 1921 1315 1973 pausabunt.
1368 1924 1639 1971 Consumma-

92 1968 247 2010 tionem
267 1975 407 2014 autem
425 1974 609 2017 futuram
631 1980 828 2033 omnium,
851 1996 942 2024 cum
966 1998 1109 2028 omnes
1131 1989 1340 2044 spiritales
1359 1993 1470 2037 docti
1485 1996 1640 2040 fuerint

160 2046 211 2080 17.
226 2047 405 2092 Hedonen,
423 2051 591 2087 Acineton
615 2060 648 2088 et
664 2056 880 2102 Syncrasim,
904 2062 1136 2108 Monogenem
1161 2071 1195 2101 et
1209 2069 1399 2106 Macariam
1424 2074 1562 2110 Coteler.
1581 2078 1601 2111 l.
1617 2079 1638 2110 l.

89 2089 198 2126 Edom
220 2094 257 2127 10
272 2095 470 2139 Acfflvium,
496 2103 529 2132 et
546 2100 615 2133 sint
631 2102 719 2135 asim
735 2114 974 2150 monogenen,
999 2115 1031 2143 et
1047 2114 1224 2156 magarian
1250 2116 1339 2151 Meu.
1413 2119 1463 2154 18.
1481 2123 1638 2157 emisisse

62 2175 65 2178 .
89 2136 174 2171 alios
194 2138 332 2175 coteler.
352 2142 372 2175 l.
393 2144 413 2176 l.
438 2147 471 2176 et
492 2144 544 2177 vis
569 2156 643 2179 esse
667 2148 753 2182 alius
777 2150 866 2186 Men.
941 2154 991 2189 19.
1020 2156 1205 2193 Man-icum
1229 2165 1260 2194 et
1286 2161 1429 2207 Ἀγάπην
1452 2166 1580 2201 Ainum
1605 2173 1639 2203 et

88 2181 217 2216 Σύνεσιν
236 2185 375 2220 Coteler.
392 2189 413 2220 l.
434 2189 454 2222 l.
479 2191 655 2226 matricem
682 2191 825 2238 ἀγάπην,
851 2202 883 2230 01
908 2210 1048 2234 sensum
1074 2203 1196 2237 σύνεσιν
1219 2206 1308 2242 Men.
1380 2210 1433 2244 20.
1458 2211 1638 2248 Theletum

88 2231 122 2261 et
151 2228 365 2275 Sapientiam
395 2234 532 2268 Coteler.
561 2238 581 2269 l.
609 2239 630 2270 l.
662 2239 717 2272 ille
748 2242 875 2286 cupivit
905 2246 1109 2290 sapientiam
1137 2250 1226 2287 Men.
1319 2254 1371 2289 21.
1400 2255 1636 2305 Propatorque

87 2275 241 2309 omnium
265 2278 329 2311 soli
351 2280 509 2323 cognitus
534 2286 587 2315 est
602 2282 729 2318 Sensui
752 2297 795 2319 ex
813 2299 852 2321 eo
869 2290 1100 2336 primogenito
1118 2308 1186 2339 eqo.
1219 2297 1452 2347 Propatorque
1475 2306 1634 2349 cognitus

87 2319 151 2354 soli
167 2322 283 2366 genito
301 2327 353 2357 est
370 2324 512 2367 Sensui,
537 2332 569 2360 et
591 2327 700 2363 Chaos
714 2330 945 2378 Primogenito
965 2338 1102 2373 Cotcler.
1117 2342 1138 2374 l.
1154 2343 1174 2376 l.
1189 2349 1380 2388 praeterea,
1408 2359 1493 2392 quae
1518 2352 1635 2385 onmia

85 2365 158 2399 solo
175 2368 293 2411 genita
310 2374 362 2402 est
385 2381 507 2405 sensus
532 2377 564 2405 et
587 2372 670 2408 chao
693 2377 930 2422 primogenitis
946 2382 1036 2419 Men.
1108 2385 1161 2421 22.
1179 2393 1294 2423 autem
1318 2392 1500 2428 invisibilis
1524 2401 1576 2430 est
1601 2401 1635 2431 et

87 2410 223 2447 coteler.
245 2414 267 2448 l.
291 2415 312 2449 l.
332 2420 392 2448 aut
407 2416 589 2452 invisibilis
613 2425 664 2453 est
680 2426 739 2454 aut
755 2423 842 2458 Men.
913 2427 966 2461 23.
990 2429 1233 2467 Triscesimum
1254 2436 1370 2481 itaque
1391 2438 1554 2475 Seculum
1574 2442 1633 2476 Co-

86 2457 174 2492 teler.
195 2459 218 2492 l.
239 2460 260 2492 l.
283 2460 553 2496 tricentesimum
576 2465 691 2510 itaque
713 2470 869 2504 seculum
884 2472 972 2506 Meu.
1042 2476 1096 2510 24.
1120 2488 1325 2523 aggressum
1345 2483 1484 2520 C'otcler.
1507 2488 1527 2520 l.
1542 2489 1562 2520 l.
1580 2488 1631 2521 111-

83 2511 223 2546 gressus
238 2505 328 2540 Men.
399 2506 451 2540 25.
469 2508 511 2541 Et
527 2508 745 2554 Enthymesis
773 2516 909 2551 coteler.
925 2519 945 2553 l.
960 2520 981 2554 l.
1008 2525 1041 2554 et
1065 2523 1183 2557 esinan
1200 2525 1289 2560 Men.
1360 2528 1414 2564 26.
1432 2530 1630 2566 inconsum-

82 2552 214 2582 matum
229 2549 270 2584 fit
287 2563 356 2596 eqo.
373 2552 688 2590 inconsummatum
706 2559 749 2592 sit
768 2560 906 2597 Coteler.
921 2565 941 2597 l.
957 2566 978 2600 l.
996 2574 1274 2604 consummatum
1292 2573 1336 2605 sit
1352 2573 1442 2609 Men.
1502 2576 1555 2612 27.
1574 2578 1629 2612 de-

82 2593 223 2628 stinavit
239 2607 307 2640 eqo.
326 2598 520 2633 aestimavit
533 2600 632 2642 Men„
651 2607 684 2635 et
699 2606 836 2640 coteler.
852 2608 872 2642 l.
891 2609 911 2641 l.
983 2610 1035 2644 28.
1053 2615 1208 2648 seculum
1223 2616 1361 2653 Coteler.
1378 2620 1398 2652 l.
1413 2621 1434 2654 l.
1452 2624 1629 2658 sacculum

81 2637 170 2674 Men.
241 2640 294 2675 29.
317 2643 541 2688 inmigratum
560 2660 628 2690 eya.
646 2648 859 2693 innigratum
874 2653 976 2696 Men„
995 2663 1026 2690 et
1042 2658 1180 2694 coteler.
1252 2662 1306 2696 30.
1324 2665 1552 2709 malignitatis
1568 2669 1626 2702 Co·

83 2684 172 2719 teler.
186 2686 208 2720 l.
222 2687 244 2720 l.
265 2688 466 2733 malignitas
488 2691 576 2726 Men.
659 2694 712 2727 31.
730 2698 842 2741 utpoti
857 2698 944 2733 Meu.
1027 2701 1080 2737 32.
1098 2705 1294 2740 incredulus
1310 2708 1400 2744 Men.
1483 2711 1536 2746 33.
1555 2715 1626 2747 ani-

81 2729 168 2764 male
186 2730 324 2768 coteler.
346 2736 366 2768 l.
382 2736 402 2768 l.
421 2736 552 2778 anima,
577 2738 629 2771 leo
652 2739 740 2773 Men.
811 2742 863 2778 34.
890 2744 1009 2779 τέλειον
1033 2749 1075 2781 ab
1098 2749 1195 2784 initio
1219 2764 1286 2796 eyo.
1314 2753 1349 2786 τὸ
1370 2754 1438 2799 φὼς
1461 2758 1504 2791 ab
1528 2759 1625 2794 initio

83 2773 219 2811 Coteler.
234 2778 255 2812 l.
270 2779 291 2813 l.
311 2778 431 2824 σίφεον,
447 2782 490 2815 31)
506 2783 604 2817 initio
621 2784 710 2819 Men.

124 2843 156 2878 b.
173 2844 226 2878 Ex
250 2857 286 2880 se
308 2848 547 2894 prodeuntem]
584 2852 655 2886 Hoc
682 2858 733 2887 est
757 2854 816 2887 Ᾰῦ-
886 2859 1153 2904 3(150111)01)3101·,
1172 2876 1215 2898 cx
1233 2867 1352 2901 eodem
1364 2869 1459 2904 fonte
1469 2870 1624 2907 hausisse

79 2891 190 2934 τοφυῆ.
884 2905 1051 2940 videntur.
1078 2908 1128 2942 Cf.
1145 2909 1525 2951 Pseudo—Tertullianus
1539 2919 1622 2953 Adv.

123 2945 151 2968 c.
174 2935 400 2973 Tricesimum
423 2941 540 2986 itaque
563 2942 722 2977 Seculum
774 2945 815 2980 Et
884 2949 1010 2984 Omnes
1027 2952 1127 2987 Haer.
1145 2966 1171 2988 c.
1195 2957 1244 2991 12.

78 2978 114 3012 in
127 2978 199 3023 his,
223 2983 311 3017 sicut
332 2985 368 3018 in
384 2985 460 3020 aliis
475 2988 647 3032 plurimis,
669 2989 707 3023 In
735 2991 814 3026 iculi

77 3022 177 3062 huius
194 3031 312 3063 auctor
333 3033 367 3063 et
387 3037 506 3066 auctor
521 3034 625 3067 libelli
641 3035 812 3071 Adversus

79 3067 204 3106 Omnes
219 3073 397 3118 Haereses,
413 3079 473 3122 qui
484 3078 692 3116 Tertulliano
707 3082 810 3127 vulgo

927 3019 957 3097 tlt.
982 3020 1301 3069 Consummatione]
1334 3028 1406 3063 Hoc
1436 3036 1486 3065 est
1509 3031 1621 3067 Plero-

879 3073 935 3098 ma
952 3075 979 3099 e.

1312 3154 1350 3188 19
