2052 3374
672 219 723 246 DE
741 219 974 246 BAERESIBUS
993 218 1115 245 LIBER.
1583 216 1661 257 105

123 329 181 370 ad
202 326 408 369 Chr-zetum
428 326 585 378 ducem,
606 332 653 366 ut
667 325 781 379 fiant
800 326 939 366 omnia
960 338 1066 379 quac
1088 323 1201 364 dicta
1221 330 1318 364 sunt
1343 322 1391 362 cle
1414 322 1578 362 civitate
1597 319 1665 360 [0³

122 396 301 438 rusalcm
320 401 359 436 et
369 394 530 450 populo
552 395 796 435 adventura.
831 393 918 434 Hoc
940 396 1079 433 autem
1100 383 1222 432 sicuti
1243 395 1337 432 ante
1360 403 1483 444 quam
1503 389 1665 430 veniret

124 464 310 506 Christus
336 463 380 503 in
409 475 577 503 carnem
597 460 790 503 2Danielo
814 461 971 502 dictum
1000 465 1063 501 est
1089 465 1130 500 et
1157 474 1288 515 paene
1311 458 1563 513 completum
1586 461 1662 508 est,

123 533 183 573 sie
214 532 339 572 etiam
367 530 480 571 idem
510 544 706 571 numerus
737 543 866 583 usque
894 530 947 571 ad
975 530 1107 583 legem
1137 542 1260 583 quam
1287 528 1447 582 accepit
1467 526 1601 567 Moses
1623 528 1665 566 et

121 613 252 655 usque
273 599 326 640 ad
345 603 479 640 terrae
499 600 726 654 promissae
756 599 971 638 introitum
999 611 1083 638 non
1104 598 1204 637 satis
1226 596 1343 649 longe
1373 610 1397 635 a
1418 596 1662 649 quingente-

124 669 228 710 simo
248 681 453 709 annorum
474 667 627 708 distare
647 666 923 707 3numeratur.
963 666 1165 707 Dominus
1187 667 1324 718 itaque
1348 678 1441 705 cum
1464 665 1581 715 signa
1602 662 1663 703 di-

124 740 236 778 ceret
264 735 474 789 4diversa,
502 736 653 788 fames,
686 735 1015 790 persecutiones,
1048 733 1386 785 inundationem,
1414 736 1546 773 terrae
1574 746 1663 772 mo-

122 810 204 859 tus,
223 804 484 860 pestilentias
507 805 616 845 circa
635 804 760 844 finem
781 803 1020 854 adventura,
1040 802 1162 843 Petro
1186 802 1311 842 etiam
1332 800 1435 841 dixit
1452 801 1571 842 beato
1593 814 1666 855 per

123 874 313 927 aenigma
334 872 384 914 de
405 886 607 914 annorum
634 873 943 913 numerositate.
981 870 1085 911 Cum
1106 870 1262 911 diceret
1281 870 1442 921 Petrus,
1463 869 1667 910 Dominec

123 943 280 998 quoties
300 943 500 997 peccanti
512 941 656 996 fratri
682 941 928 982 concedam?
955 940 1014 980 ait
1041 939 1252 980 dominus:
1283 937 1383 978 Non
1412 939 1576 992 septies,
1597 939 1669 978 secl

123 1011 355 1066 septuaqies
384 1011 551 1065 ceptie85
583 1008 807 1050 ostendens
840 1009 1008 1062 quidem
1039 1011 1080 1048 et
1108 1006 1467 1061 5quotidianorum
1496 1006 1667 1046 humani

123 1079 284 1132 generis
307 1077 553 1119 delictorum
572 1078 784 1118 infinitum
811 1091 1031 1117 numerum
1059 1075 1207 1117 debere
1238 1075 1397 1116 homini
1429 1074 1583 1114 dimitti
1615 1074 1665 1114 ab

124 1146 305 1199 homine,
326 1150 368 1187 et
386 1146 511 1187 Iudae
531 1145 735 1197 redeunti,
757 1147 842 1186 sive
863 1159 1022 1200 pagano
1045 1148 1086 1185 et
1106 1144 1197 1186 aliis
1221 1143 1477 1194 carnalibus,
1498 1142 1595 1183 ⁶sed
1616 1142 1667 1184 ad

125 1215 278 1256 Christi
298 1214 423 1256 fidem
444 1214 494 1255 de
515 1216 726 1270 impietate
748 1213 1015 1254 redeuntibus
1037 1213 1182 1267 ⁷atque
1205 1214 1292 1252 eius
1311 1211 1542 1263 ecclesiam,
1565 1225 1667 1252 cun-

126 1285 203 1326 ctis
224 1297 346 1325 omne
367 1283 554 1324 debitum
575 1282 625 1323 ab
648 1284 707 1323 eis
730 1282 945 1337 oportered
973 1281 1143 1323 concedi
1173 1280 1450 1322 credentibus.
1500 1280 1607 1321 Nam
1628 1284 1670 1320 et

123 1351 444 1407 historiographi
462 1351 604 1392 Iudaei
626 1351 855 1392 docuerunt
876 1351 1062 1392 <licentes
1084 1349 1130 1389 8a
1150 1349 1323 1390 Daniele
1346 1349 1667 1403 quadringentos

126 1424 168 1462 et
187 1421 397 1474 octoginta
415 1419 509 1474 plus
530 1433 659 1461 annos
680 1422 895 1471 transisse,
917 1424 958 1460 et
974 1420 1033 1460 sic
1052 1419 1266 1460 dominum
1282 1417 1500 1458 advenisse
1517 1420 1560 1458 111
1579 1432 1667 1459 car-

125 1503 235 1530 nem.
266 1488 405 1530 Habes
427 1490 552 1529 etiam
578 1490 623 1528 in
645 1489 796 1529 Genesi
818 1488 1128 1528 evidentissime
1156 1488 1403 1539 mysterium
1430 1488 1669 1528 nuntiatum

127 1557 177 1599 de
199 1557 301 1598 Cain
331 1557 504 1612 septies,
533 1556 583 1597 de
610 1556 789 1597 Lamech
817 1560 955 1597 autem
984 1556 1216 1610 septuagies
1247 1556 1400 1609 septies
1427 1555 1669 1607 vindictam,

128 1625 238 1680 quod
269 1625 444 1666 duorum
473 1625 718 1680 populorum
749 1626 792 1665 in
825 1625 984 1666 duabus
1015 1625 1204 1679 personis
1239 1624 1361 1664 unius
1398 1625 1668 1678 impietatem,

126 1693 295 1735 alterius
322 1694 587 1747 iniquitatem
617 1695 704 1734 sine
736 1695 998 1734 cunctatione
1030 1693 1326 1746 scripturarum
1356 1693 1668 1747 praenuntiasse

126 1775 211 1804 non
232 1762 404 1803 dubium
425 1766 500 1802 est.
532 1761 623 1803 Lern
643 1763 774 1803 enin—00
795 1762 997 1817 spiritalis
1019 1768 1088 1813 cst,
1111 1760 1340 1801 secundum
1361 1760 1606 1815 apostolum,
1634 1768 1670 1801 et

127 1831 240 1884 haec,
259 1830 408 1884 inquit,
431 1831 512 1872 duo
534 1837 774 1871 testamenta
793 1838 900 1871 seme.
950 1830 1091 1884 Neque
1120 1830 1231 1869 enim
1252 1829 1465 1870 historiam
1485 1828 1500 1852 9
1513 1830 1668 1870 amitti-

126 1913 240 1952 mus,
272 1898 382 1953 quod
408 1898 514 1940 LXX
544 1913 673 1940 annos
703 1900 847 1940 fecerit
866 1899 1042 1954 populus
1073 1899 1115 1938 in
1142 1897 1354 1950 Persidas,
1384 1912 1516 1952 neque
1547 1900 1667 1953 spiri-

127 1967 254 2008 talem
270 1968 488 2008 scientiam
505 1969 749 2022 spernimus.
781 1967 884 2019 Ergo
903 1972 943 2008 et
960 1968 1224 2022 septuaginta
1241 1968 1495 2021 septimanae
1513 1982 1536 2007 a
1554 1967 1669 2007 1⁰l)a-

128 2035 237 2078 nielo
270 2035 404 2077 dictae
437 2035 726 2090 quadringenti
760 2038 984 2089 nonaginta
1013 2037 1111 2076 anni
1142 2040 1240 2076 tune
1278 2049 1408 2090 paene
1442 2035 1669 2090 completae

131 2108 242 2158 sunt,
263 2108 304 2146 et
325 2105 384 2146 sic
407 2103 594 2145 Christus
617 2104 786 2145 advenit
806 2106 847 2144 in
871 2118 1051 2157 carnem,
1073 2109 1113 2144 et
1135 2118 1158 2144 a
1175 2104 1327 2144 Christi
1348 2106 1584 2158 praesentia
1599 2119 1669 2145 us-

130 2186 208 2228 que
229 2173 282 2214 ad
294 2174 693 2214 consummationem
711 2173 838 2214 seculi
856 2173 1025 2228 llpaene
1044 2172 1222 2213 eundem
1234 2172 1528 2227 complendum
1540 2187 1668 2213 anno-

129 2255 225 2283 rum
236 2243 416 2297 reperies
428 2255 660 2282 numerum.
693 2241 961 2296 Septuaginta
972 2243 1082 2282 enim
1095 2242 1348 2296 septimanas
1371 2239 1556 2282 121)11111(11
1571 2256 1671 2295 quas

131 2310 236 2352 vidit
254 2311 501 2366 interpretes
524 2310 552 2334 ¹3
567 2309 794 2350 docuerunt
815 2309 872 2350 illi
894 2311 1016 2364 primi
1037 2311 1245 2364 sapientes
1268 2310 1420 2363 septies
1443 2313 1483 2349 et
1504 2314 1670 2364 septua-

129 2379 238 2432 gies,
264 2378 586 2433 quadringentos
615 2380 838 2429 nonaginta
859 2392 1008 2429 annos,
1036 2392 1159 2432 quem
1181 2377 1407 2418 iubilaeum
1428 2379 1469 2417 111
1492 2378 1580 2428 lege
1606 2379 1669 2418 111-

130 2446 222 2488 daei
243 2445 345 2501 (non
364 2448 448 2499 isti,
470 2446 543 2487 sed
564 2446 743 2500 veteres)
766 2451 806 2487 et
833 2448 953 2501 periti
982 2446 1041 2487 illi
1063 2460 1218 2487 annum
1240 2447 1495 2486 remissionis
1519 2447 1670 2487 Christi

131 2518 172 2556 et
189 2514 490 2569 indulgentiae,
518 2514 725 2556 carnalem
752 2517 1030 2569 praesentiam
1052 2528 1124 2568 per
1146 2514 1318 2567 figuram
1340 2518 1434 2553 ante
1457 2514 1669 2555 celebran-

219 2638 251 2674 2.
275 2638 444 2672 Danihelo
462 2639 508 2673 A.
583 2638 614 2671 3.
641 2648 820 2671 numerum
838 2639 882 2673 A.
961 2639 993 2673 4.
1013 2643 1045 2671 et
1062 2639 1196 2672 diversa
1212 2640 1256 2672 A.
1326 2639 1356 2671 ἶ).
1376 2637 1609 2683 quotidianam
1628 2639 1671 2670 Α.

130 2683 162 2719 5.
187 2687 220 2718 et
235 2685 282 2719 Α.
341 2684 372 2719 7.
392 2684 553 2717 Fortasse
570 2683 690 2727 adque.
751 2683 781 2717 S.
806 2683 847 2716 ad
871 2683 976 2717 nihilo
994 2685 1039 2718 A.
1100 2686 1131 2719 Ε),
1158 2685 1294 2717 Rectius
1309 2687 1461 2728 furtas-sc
1487 2686 1672 2727 'aym-vitaris·

131 2730 333 2770 omittimus,
349 2736 386 2762 ut
400 2733 434 2762 in
447 2742 531 2773 seqq.
546 2729 675 2771 degerit
690 2741 753 2772 pro
769 2729 896 2762 fecerit.
942 2730 990 2764 10.
1010 2729 1177 2763 Danihelo
1195 2731 1240 2764 A.
1287 2730 1335 2764 ll.
1354 2740 1464 2774 poene
1478 2728 1565 2761 unde
1580 2740 1671 2760 coin-

153 2775 293 2809 lendum
310 2776 356 2810 A.
419 2774 469 2810 1‘2.
489 2786 508 2808 a
525 2773 669 2807 Danihel
687 2774 730 2808 A.
792 2774 840 2810 13.
862 2775 900 2807 Iu
919 2776 963 2809 A.
984 2777 1143 2808 distincta
1160 2782 1236 2808 suut
1252 2776 1335 2808 lucet·
1355 2776 1454 2808 rerba
1473 2773 1670 2808 docuerunt.

172 2831 183 2854 1
197 2820 299 2866 primi
316 2827 389 2856 cett.

176 2955 204 2979 c.
228 2945 379 2988 domine]
402 2945 523 2979 Matth.
541 2943 663 2978 XVIII.
683 2944 735 2976 ⁵2..)-
981 2934 1008 2955 e.
1035 2922 1105 2955 Lex
1117 2924 1223 2966 enim]
1240 2921 1576 2957 V.R0m.x⁷11.1-i.et
1597 2921 1671 2955 Gal.

175 2989 208 3024 d.
231 2991 274 3023 ab
297 2991 346 3024 eis
370 2992 538 3036 oportere]
578 2991 630 3023 Ab
663 2988 867 3033 hominibus,
936 2967 990 3001 IV·
1009 2968 1060 3001 24·

131 3035 186 3071 vel
201 3036 243 3070 ab
259 3035 407 3078 homine,
424 3037 474 3070 uti
489 3046 593 3081 supra
609 3035 751 3068 dixerat·
987 3013 1010 3045 f.
1034 3013 1184 3056 Persida]
1216 3014 1286 3047 Ilac
1308 3013 1463 3046 vocabuli
1481 3013 1590 3046 forma
1609 3014 1672 3047 uti-

936 3063 989 3092 tur
1006 3063 1039 3092 et.
1054 3059 1153 3093 infra.
1176 3059 1263 3093 lte-m
1279 3070 1352 3103 cap.
1370 3058 1408 3091 (31
1429 3062 1462 3091 et
1482 3058 1553 3092 112.
