2052 3374
667 200 719 226 m:
736 199 973 225 HAERESIBUS
992 199 1115 225 LIBER

1589 199 1666 240 175

119 309 242 360 atque
262 304 451 346 doctrina
471 304 735 359 studiumque
757 310 797 346 et
816 307 903 346 vita
923 304 1157 360 Spraeclara
1177 305 1221 344 in
1241 316 1467 358 paucorum
1483 301 1668 344 fidelium

121 377 164 416 et
181 374 439 428 cupientium
457 372 668 414 voluntate
692 373 975 415 dinosceretur
997 373 1251 425 exuberans,
1272 371 1435 413 dicente
1460 370 1625 413 domino
1634 369 1668 423 ¹²,

118 441 307 486 Habenti
324 441 514 494 dabitur,
543 449 581 482 et
595 443 693 497 plus
721 444 760 483 ei
778 443 1026 483 adiicietur:
1053 456 1136 482 non
1153 441 1322 483 habenti
1340 448 1479 482 autem
1498 447 1536 482 et
1556 439 1671 496 quod

119 509 269 552 habere
287 509 466 551 videtur-¹
487 508 708 565 ⁹aus'e22·tu7·
728 509 781 551 ab
803 525 861 551 eo.
894 509 1012 559 Quod
1030 509 1183 551 Iudaeo
1206 511 1400 563 contigit,
1422 514 1463 550 et
1483 509 1576 550 aliis
1598 509 1667 550 iti-

119 577 215 621 dem
233 577 437 634 plurimis.

201 647 278 690 Est
301 647 486 688 haeresis
515 661 617 702 quae
646 662 741 689 cum
762 646 878 687 audit
897 648 942 687 in
962 646 1162 687 Zacharia
1189 647 1391 702 propheta
1412 646 1462 688 de
1484 646 1666 688 funiculo

119 717 438 770 agrimensorio,
469 715 519 757 de
549 730 627 771 quo
660 720 701 756 et
731 715 912 756 ¹Davida
940 714 1146 767 edixerat,
1179 715 1289 768 quod
1320 715 1490 769 angelus
1522 720 1670 756 tenens

119 784 235 827 ibatb
254 798 494 826 mensurare
515 784 753 837 Ierusalem,
776 785 968 824 aestimat
991 783 1220 824 secundum
1239 783 1423 825 litteram
1443 786 1500 825 ita
1517 784 1670 825 dixisse

122 854 392 908 scripturam,
421 867 517 894 cum
536 867 619 894 non
639 852 864 894 Ierusalem
883 853 1042 905 metiri,
1070 866 1173 906 quae
1202 852 1310 893 tradi
1339 852 1519 894 debebat
1539 853 1670 894 hosti-

121 921 216 975 bus,
236 921 311 963 sed
331 921 590 963 credentium
610 926 734 974 recte,
755 926 879 975 atque
899 934 1127 976 paucorum
1146 921 1349 976 perfecte,
1370 920 1542 962 2lectio⁰
1563 935 1671 962 nun-

121 989 303 1032 tiabatur
321 1005 397 1045 per
416 990 610 1045 angelum
631 991 826 1043 affutura,
848 994 894 1030 ut
914 989 1072 1031 dictum
1095 994 1178 1030 est:
1199 990 1331 1031 Multi·
1348 989 1523 1042 cocatid,
1538 991 1676 1045 pauci

124 1059 251 1102 electi.
290 1059 553 1100 Hierusalem
573 1073 666 1112 ergo
688 1061 733 1100 in
753 1058 935 1100 funiculo
958 1060 1255 1112 agrimensorio
1276 1059 1610 1110 mensurabatur,
1631 1058 1674 1099 id

123 1131 188 1170 est
208 1132 250 1169 et
275 1132 371 1169 ante
400 1128 477 1169 sub
502 1129 646 1183 paucis
675 1132 716 1168 et
743 1134 838 1182 post
866 1127 993 1168 fidem
1014 1126 1163 1168 Christi
1193 1141 1420 1182 paucorum
1449 1127 1673 1168 catholicae

123 1196 224 1239 fidei
242 1195 497 1250 ³gignendae
519 1197 664 1238 electio
685 1196 1004 1251 praedicabatur
1020 1197 1063 1236 in
1086 1195 1236 1236 seculo.
1270 1196 1387 1246 Quod
1409 1200 1449 1236 et
1465 1195 1675 1251 apostolus

126 1267 228 1308 ait²z
255 1263 427 1320 Oportet
445 1265 630 1307 haer-eae&
651 1280 747 1317 esse,
768 1272 815 1306 ut
827 1264 1004 1320 probati
1016 1265 1345 1319 *manq's'estentwn
1373 1265 1483 1315 ‘Quia
1500 1278 1592 1318 ergo
1610 1264 1674 1305 fu-

123 1333 288 1376 niculus
311 1333 612 1375 haereditarius
633 1333 788 1389 triplici
809 1333 981 1374 virtutes
1001 1346 1211 1375 connexus
1234 1339 1316 1386 est,
1337 1333 1380 1374 id
1401 1338 1464 1374 est
1484 1334 1614 1387 patris
1636 1337 1677 1373 et

124 1402 201 1445 filii
223 1406 266 1443 et
285 1403 456 1457 spiritus
477 1404 632 1455 sancti,
653 1401 754 1444 haec
777 1404 1011 1443 coniunctio
1036 1416 1130 1443 cum
1149 1403 1194 1442 in
1214 1416 1297 1443 una
1318 1401 1542 1456 eademque
1565 1404 1674 1443 acci-

124 1473 237 1528 pitur
259 1471 340 1512 fide
363 1475 485 1525 atque
513 1470 780 1523 credulitate,
809 1471 1072 1525 aequalitatis
1104 1472 1256 1526 quippe
1285 1476 1325 1511 et
1352 1471 1544 1512 ’‘virt-,ntis
1576 1485 1674 1512 con-

123 1538 336 1594 iungenda
354 1541 493 1580 unitas
522 1544 645 1593 atque
675 1539 849 1581 colenda
869 1539 1079 1595 5potentia
1101 1553 1196 1580 cum
1215 1541 1401 1581 noscitur
1426 1540 1477 1580 ab
1501 1540 1678 1581 ecclesia

127 1607 342 1661 catholica,
357 1621 440 1650 non
456 1609 500 1648 in
518 1607 680 1649 diversa
695 1609 925 1649 maiestatis
943 1612 1013 1649 aut
1029 1607 1240 1661 qualitatis
1258 1608 1465 1650 credenda
1480 1609 1675 1650 substan-

127 1679 187 1720 tia
203 1676 489 1734 praedicatur,
518 1680 565 1718 ut
587 1676 755 1732 quidam
777 1679 999 1718 aestimant
1018 1676 1232 1718 haeretici.
1284 1677 1400 1727 Quod
1421 1684 1462 1718 et
1484 1677 1676 1720 dominus

1693 574 1760 606 Cap.
1779 573 1878 599 CLIII.

1693 620 1772 654 (Cap.
1791 619 1953 651 CXLVIII.)

219 1766 252 1802 8.
267 1767 463 1813 praedicata
480 1767 508 1802 b.
578 1766 609 1801 9.
635 1766 807 1800 auferetur
823 1767 941 1810 (A)bc.

219 1811 301 1858 Cap.
331 1811 442 1847 CLm.
470 1815 505 1846 in
535 1813 610 1847 abc.
643 1815 840 1857 inscriptum
870 1819 918 1846 est
949 1812 1124 1847 Hanni-:sis
1155 1825 1202 1847 DE
1230 1824 1404 1847 rvxrcvno
1433 1825 1608 1848 ›ressomo
1641 1826 1676 1849 ιη

128 1868 306 1894 memma
320 1869 515 1893 moratu.
533 1879 576 1883 —
604 1859 632 1892 l.
649 1858 759 1892 David
774 1857 941 1904 propheta
958 1858 1078 1892 beatus
1096 1858 1250 1892 edixerat
1263 1860 1308 1894 A.
1356 1859 1386 1894 2.
1405 1860 1525 1893 electio
1544 1875 1584 1901 c.,
1605 1873 1676 1893 eum

129 1904 292 1940 Cotelerio
307 1904 450 1938 Monam.
476 1904 546 1939 Vct.
570 1903 666 1938 Ecel.
688 1905 748 1937 Gr.
767 1911 839 1938 tom.
859 1904 932 1937 III.
945 1917 982 1949 1¹·
1000 1904 1081 1938 524.
1153 1904 1184 1939 3.
1209 1905 1403 1950 gignendae
1429 1907 1472 1940 A.
1498 1906 1676 1950 gignendo

127 1952 259 1994 reliqui.
283 1950 536 1995 gignendorum
562 1953 685 1983 coniec.
708 1950 912 1983 Galeardus.
989 1951 1020 1984 4.
1039 1951 1193 1984 veritatis
1216 1952 1262 1985 Α.
1332 1951 1363 1986 5.
1386 1952 1468 1984 Post
1484 1953 1676 1985 vocabulmn

127 1996 284 2043 potentia
303 2008 387 2041 quae
407 2002 586 2040 sequuntur
609 2007 707 2040 usque
731 1997 892 2040 adfinem
917 1999 1042 2041 capitis
1065 1999 1177 2030 omnia
1199 1999 1237 2030 in
1258 1998 1303 2030 A.
1327 1998 1574 2032 desiderantur.

171 2086 206 2122 h.
231 2087 364 2121 dicente
380 2086 532 2131 domino]
563 2087 686 2121 Matth.
703 2086 796 2120 xm.
817 2087 868 2121 1‘2.

129 2132 242 2169 XXV.
255 2133 309 2167 29.
335 2131 468 2175 „⁰Or.2;
482 2130 558 2177 ἔχει,
578 2132 748 2174 δοθήσεται
766 2131 867 2177 αὐτῷ,

130 2178 183 2213 καὶ
200 2178 509 2224 περισσευθήσεται.”
557 2178 632 2221 (F.)

172 2224 197 2259 i.
220 2228 255 2259 et
270 2224 362 2270 quod
376 2223 508 2258 videtur
524 2223 663 2269 habere]
689 2224 741 2258 Ex
755 2223 868 2257 Lucae

130 2268 219 2304 VIII.
234 2281 266 2304 v.
287 2268 336 2304 18.
370 2269 450 2312 γ,Καὶ
465 2268 484 2302 ὃ
503 2269 592 2302 δοκεῖ
615 2267 708 2314 ἔχειν,
732 2268 868 2314 ἀρθήσε-

130 2327 184 2349 ται
198 2312 253 2348 ἀπ’
270 2314 402 2348 aiu-033²
449 2315 523 2358 (F.)

177 2360 224 2395 Ca
251 2387 258 2394 .
275 2360 386 2395 CLIII.
403 2381 447 2386 —
475 2371 505 2395 a.
531 2361 570 2393 de
595 2371 663 2405 quo
689 2365 722 2394 et
745 2360 870 2403 David]

130 2405 172 2442 V·
235 2406 368 2452 pandus
384 2406 422 2440 T.
437 2406 468 2440 2.
484 2418 517 2451 p.
539 2406 611 2440 179.
635 2411 735 2451 putat
756 2405 869 2439 Phila-

130 2452 253 2487 strium
267 2452 403 2498 lapsum
417 2452 594 2491 memoria,
612 2458 644 2484 et
661 2463 722 2496 pro
739 2451 868 2485 Davide

130 2497 281 2532 voluisse
303 2498 479 2532 nominare
502 2497 731 2538 Ezechielem,
755 2508 869 2542 respe-

129 2543 294 2588 xisseque
311 2543 354 2577 ad
365 2543 438 2577 XL.
451 2543 483 2577 3.
508 2542 576 2576 Sed
589 2543 735 2576 fortasse
752 2548 868 2576 nostro

131 2593 206 2623 erat
227 2589 264 2623 in
286 2593 400 2623 mente
426 2588 517 2623 Psal.
541 2588 615 2622 LX.
640 2588 671 2621 (3.
700 2587 814 2622 cvm.
839 2588 870 2622 7.

133 2633 220 2677 ,Τὴν
237 2632 373 2667 κοιλάδα
395 2635 460 2667 τῶν
484 2635 610 2676 σκηνῶν
635 2633 871 2678 διαμετρήσω.”

131 2679 183 2720 (F
182 2680 273 2724 abr.)

176 2725 210 2760 b.
234 2725 326 2771 quod
341 2726 484 2781 angelus
502 2730 622 2759 tenens
647 2724 734 2768 ibat]
766 2724 868 2758 Zach.

132 2768 175 2804 H.
193 2771 223 2805 l.
256 2769 361 2813 ,Ἰδοὺ
378 2770 467 2815 ανὴρ,
486 2771 538 2804 καὶ
556 2769 585 2803 ἐν
604 2773 640 2815 τῇ
663 2769 745 2814 χειρὶ
769 2769 868 2803 αὐτοῦ

180 2815 276 2850 omem
292 2817 507 2875 γεωμετρικὸν
527 2836 541 2841 -
554 2836 569 2841 -
586 2816 795 2859 &raus-‚pica
812 2815 867 2858 τὴν

160 2861 355 2907 ερουσαλήμ’
381 2867 444 2896 etc.
492 2862 566 2903 (F.)

177 2917 207 2941 c.
230 2907 438 2942 credentium
456 2912 546 2942 recte
563 2912 665 2951 atque
681 2916 869 2951 paucorum

157 2951 280 2987 erfecte
295 2953 430 2996 electio]
445 2953 497 2986 Ita
505 2965 565 2998 pro
582 2954 678 2985 lectio
692 2952 780 2997 apud
793 2952 870 2986 Phi-

132 2962 290 3032 fastrium
306 2998 460 3033 scribunt
472 2997 708 3049 Villalpandus
729 3002 761 3031 et
774 2997 871 3032 Cote-

133 3041 521 3082 leriusIILMonument.
533 3043 867 3089 p.o2‡‚quanquam

936 2091 1057 2121 notum
1089 2088 1266 2129 omnibus,
1300 2086 1483 2122 lectionem
1516 2101 1576 2134 pro
1611 2090 1677 2123 ele-

938 2133 1066 2174 ctione,
1090 2138 1128 2167 ut
1152 2135 1268 2166 lectum
1293 2146 1354 2179 pro
1379 2136 1480 2167 electo
1504 2141 1538 2169 et
1568 2137 1677 2179 leym-e·

936 2190 997 2224 pro
1027 2180 1165 2223 eliywe,
1193 2180 1312 2213 tritum
1336 2191 1411 2213 esse
1435 2181 1572 2225 optimis
1596 2182 1676 2215 scri-

936 2225 1105 2269 ptoribus.
1129 2224 1272 2259 Sueten.
1297 2236 1325 2259 c.
1349 2226 1403 2259 35.
1427 2227 1573 2269 August.
1602 2229 1677 2265 ,Se-

938 2276 1090 2303 natorum
1109 2272 1296 2315 affluentem
1316 2284 1480 2304 numerum
1493 2274 1676 2306 admodum

933 2319 1115 2360 pristinum
1133 2323 1165 2349 et
1179 2318 1385 2361 splendorem
1403 2319 1534 2361 redeqit
1549 2320 1677 2352 duabus

937 2363 1162 2402 lectionibus-j*
1187 2368 1219 2395 et
1233 2373 1306 2407 cap.
1320 2362 1374 2397 54.
1401 2365 1590 2401 ‚Anti-stiua-
1607 2364 1677 2397 La-

938 2408 994 2439 beo
1016 2414 1151 2440 senatus
1174 2409 1313 2441 lectione
1337 2422 1409 2440 eum
1435 2412 1486 2441 cir
1504 2413 1608 2442 virum
1632 2412 1675 2442 lo-

935 2454 1060 2496 yeret.”
1084 2452 1212 2486 Tamen
1230 2453 1319 2487 infra
1333 2454 1436 2487 etiam
1455 2456 1569 2487 elec-tiu
1587 2456 1675 2500 apud

937 2503 1093 2531 nostrum
1110 2499 1280 2539 scribitur,
1298 2504 1330 2532 et
1346 2500 1445 2533 facile
1462 2500 1526 2533 fuit
1539 2501 1676 2534 librario

939 2548 1019 2588 post
1034 2547 1185 2588 [mser-te
1215 2545 1347 2578 literam
1372 2558 1388 2577 e
1405 2546 1438 2578 in
1456 2547 1553 2579 lectio
1578 2548 1675 2580 omit-

939 2595 1020 2623 tere.
1068 2590 1143 2630 (F.)

984 2635 1014 2669 d.
1030 2636 1133 2669 Multi
1141 2636 1269 2678 vocati]
1279 2635 1400 2670 Matth.
1409 2636 1490 2670 XX.
1504 2638 1552 2670 16.
1562 2637 1675 2671 XXII.

943 2681 993 2714 14.
1019 2679 1166 2721 ,Πολλοί
1184 2679 1240 2714 εἶσι
1254 2681 1379 2725 κλητοὶ,
1397 2679 1503 2727 ὀλίγοι
1520 2682 1553 2716 δὲ
1567 2682 1676 2715 ἐκλεκ-

937 2726 1018 2758 τοί.”
1066 2726 1141 2767 (F.)

983 2783 1012 2805 e.
1040 2770 1137 2812 Quod
1155 2777 1188 2805 et
1205 2773 1382 2817 apostolus
1400 2774 1461 2816 ait]
1490 2775 1502 2806 l
1520 2773 1594 2806 Cor.
1611 2774 1672 2809 XI.

942 2817 990 2850 19.
1030 2817 1105 2857 „Ast
1129 2817 1189 2862 γὰρ
1216 2817 1346 2862 αἱρέσεις
1371 2817 1402 2850 ἐν
1425 2818 1497 2863 ὑμῖν
1522 2814 1675 2860 iamsi-12

938 2861 966 2894 οἱ
999 2862 1128 2907 δόκιμοι
1160 2864 1289 2908 φανεροὶ
1321 2864 1476 2909 γένωνται
1507 2863 1537 2896 ἐν
1570 2864 1674 2909 ὑμῖν.”

938 2908 1078 2950 (Fubr.)

971 2952 1007 3002 .s·
1026 2952 1199 2989 funiculus
1212 2955 1336 3000 triplici
1349 2955 1470 2988 virtute
1483 2958 1676 3001 connexus]

941 2998 988 3078 Ίὲιξ
999 2999 1153 3078 ’τὲ-,αρτίον
1165 2998 1304 3045 ἔντριτον
1314 3000 1541 3036 Ecclesiastae
1551 3001 1609 3037 IV.
1622 3002 1672 3037 12.

935 3047 953 3086 (
986 3057 1007 3078 α
1031 3048 1077 3085 r.)
