2052 3374
591 215 792 243 INDICULUS
811 218 861 244 DE
880 221 1122 250 HAERESIBL’S.
1544 235 1621 277 291

94 307 242 365 Ioseph
262 317 509 369 conceptum
527 321 574 358 ut
591 317 801 364 hominem
817 325 993 380 nuptiali
1006 328 1133 381 coitu·;
1150 330 1344 374 habuisse
1361 339 1499 379 autem
1508 337 1623 381 illum

93 376 285 432 spiritum
294 375 591 439 prophetalem,
611 392 652 428 et
662 394 881 434 venturum
893 407 939 435 ac
956 395 1237 442 indicaturum
1251 401 1368 444 vivos
1381 409 1421 446 et
1428 412 1622 452 mortuos.

176 445 330 489 Stoicia
350 449 493 492 dicunt
514 467 634 496 omne
655 458 857 501 uniforme
885 475 974 504 esse
999 471 1228 520 peccatum.
1280 470 1395 514 ¹Feri
1419 480 1557 518 autem
1583 482 1625 519 et
1649 486 1714 520 Cap·
1732 488 1780 514 XI-

91 514 225 556 severi
244 518 466 560 veritatum
487 535 691 578 censores,
712 527 892 572 animam
913 534 1053 575 tamen
1073 536 1207 590 perire
1230 538 1431 586 dixerunt.
1471 545 1626 588 Amant

88 581 286 626 virtutem
307 586 606 646 continentiae,
634 598 676 635 et
693 595 889 639 affectant
908 599 1080 654 gloriam
1101 610 1332 663 aeternam,
1361 625 1454 655 cum
1475 628 1519 655 se
1539 629 1623 658 non

86 654 277 694 aeternos
297 667 389 697 esse
409 656 626 702 fateantur.

167 719 449 779 Peripatetici,
459 726 682 772 Aristotele
692 733 895 790 principe,
907 735 1049 780 dicunt
1061 742 1267 795 quandam
1275 748 1519 801 particulam
1529 753 1619 795 ani-

84 800 176 829 mae
196 803 285 831 esse
296 796 520 849 aeternam,
539 797 612 839 sed
631 799 681 841 de
699 801 855 857 reliquo
875 818 969 848 vero
987 821 1138 863 magna
1156 825 1206 852 ex
1225 820 1340 868 parte
1365 820 1615 865 mortalema.

166 857 406 915 Adamitae,
442 868 489 904 ut
525 867 783 921 supradictae
821 871 1033 929 haereses,
1071 877 1172 920 duas
1203 894 1293 923 esse
1328 887 1616 932 substantias&

82 923 170 966 Hoc
190 925 346 970 habent
371 930 416 971 iu
435 934 644 986 mysteriis
672 938 758 979 suis
783 941 1007 997 peculiare,
1035 947 1143 1000 quod
1170 950 1271 992 nudi
1290 951 1335 994 in
1357 955 1531 998 ecclesia
1553 959 1615 1001 (li-

83 997 231 1036 cuntur
251 1010 365 1038 orare
388 1001 647 1057 corporibus,
673 1010 836 1050 utentes
857 1009 934 1052 hoc
955 1013 1214 1071 testimonio,
1242 1019 1379 1064 Adam
1405 1028 1446 1065 et
1466 1026 1615 1070 1Evam

80 1061 212 1104 nudos
232 1063 276 1106 in
296 1067 488 1121 paradiso
509 1069 650 1126 fuisse,
669 1078 716 1115 ut
730 1076 934 1132 scriptum
950 1082 1179 1145 est:·Erant
1199 1089 1318 1131 ambo
1335 1091 1450 1146 nudi,
1472 1099 1512 1135 et
1530 1110 1615 1139 non

81 1130 476 1177 confundebanturb.
530 1138 582 1180 Et
607 1140 715 1184 hanc
744 1145 1040 1200 perfectionem
1070 1152 1356 1201 beatissimam
1381 1166 1549 1218 putant,
1577 1166 1612 1206 si

76 1196 158 1240 ista
176 1199 365 1245 faciendo
385 1204 469 1247 iam
489 1206 677 1251 videatur
697 1212 747 1254 ab
769 1212 833 1254 his
855 1215 992 1258 ablata
1013 1221 1209 1265 confusio.

158 1267 390 1313 Platonicia
411 1273 556 1316 dicunt
576 1277 698 1321 deum
717 1294 792 1336 per
813 1284 949 1326 omnia
968 1287 1127 1331 animas
1150 1305 1301 1348 creare,
1329 1299 1497 1351 angelos
1520 1316 1609 1343 cor-

74 1347 184 1390 pora.
233 1338 334 1381 Post
352 1341 577 1386 multorum
596 1361 798 1391 annorum
818 1353 1022 1396 curricula
1043 1358 1201 1401 animas
1229 1363 1362 1406 redire
1382 1366 1427 1408 in
1449 1369 1611 1413 diversa

75 1417 246 1460 corpora
264 1415 466 1452 asserunt.

155 1473 347 1530 Epicurei
368 1478 512 1522 dicunt
532 1481 653 1526 deum
673 1486 779 1528 nihil
806 1503 942 1543 agere,
965 1495 1102 1536 omnia
1131 1503 1318 1542 constare
1348 1507 1606 1560 corporibus3

72 1541 253 1586 animam
273 1544 380 1587 nihil
399 1547 513 1590 aliud
534 1564 623 1592 esse
645 1553 658 1577 ¹
671 1567 795 1609 quam
815 1572 962 1614 corpus
972 1568 998 1602 ²².

153 1609 364 1655 Sethiania
384 1615 528 1659 dicunt
548 1619 648 1662 Seth
669 1622 718 1663 de
747 1625 995 1670 caelestibus
1017 1635 1057 1672 et
1078 1637 1265 1688 supernis
1286 1638 1510 1685 virtutibus
1531 1645 1606 1687 ha-

70 1677 209 1720 buisse
229 1683 517 1740 substantiam,
539 1687 641 1730 Cain
659 1695 798 1734 autem
819 1693 868 1736 de
886 1695 1150 1742 inferioribus
1171 1702 1322 1747 habere
1343 1714 1544 1767 naturam,
1566 1721 1606 1756 et

70 1736 206 1790 1illam
226 1763 446 1806 supernam
465 1769 637 1810 peccare
659 1773 741 1801 non
762 1775 882 1816 posse
903 1763 1041 1820 ⁵³atque
1061 1772 1305 1816 mutabilem
1325 1775 1445 1832 ³fieri,
1465 1780 1604 1824 4istam

138 1836 217 1884 Cap.
233 1838 295 1874 XI.
313 1860 356 1865 ——
375 1842 404 1876 1.
419 1842 496 1878 Feri
512 1850 627 1881 autem
643 1853 676 1881 et
691 1851 800 1884 severi
816 1854 998 1889 veritatum
1014 1868 1170 1894 censores
1189 1874 1257 1906 eqo.
1278 1864 1355 1900 Feri
1372 1873 1486 1903 autem
1503 1876 1533 1904 et
1552 1884 1603 1906 se-

69 1882 140 1916 veri
157 1893 315 1920 censores
334 1887 472 1923 Coteler.
486 1892 507 1925 l.
523 1893 543 1924 l.
550 1905 589 1936 p.
604 1893 676 1929 758.
694 1894 877 1932 Feritatem
895 1904 927 1933 et
943 1904 1159 1940 severitatem
1176 1918 1334 1945 censores
1351 1913 1440 1950 Men.

132 1927 212 1974 Cap.
227 1929 321 1966 XHI.
338 1952 383 1958 —
401 1935 428 1968 l.
445 1934 518 1969 Eva
532 1937 620 1972 Men.

131 1973 179 2008 Ca
206 2003 214 2010 .
229 1975 305 2012 XV.
324 1997 368 2003 ——
387 1979 416 2014 l.
434 1980 516 2014 Post
529 1985 631 2017 verba
650 1996 753 2030 quam
770 1998 892 2034 corpus
916 1995 1009 2037 apud
1022 1995 1224 2032 Menas-dum
1248 2002 1401 2046 lequntur
1418 2015 1602 2051 praeterea

66 2017 152 2052 haec
166 1986 250 2055 ffost
263 2023 449 2059 multorum
469 2037 636 2063 annorum
659 2033 827 2067 curricula
849 2037 981 2072 animas
1004 2041 1112 2076 redire
1135 2044 1170 2077 in
1193 2045 1327 2082 diversa
1347 2061 1490 2097 corpora
1511 2065 1602 2089 asse-

63 2068 153 2107 runt,
169 2078 254 2110 quae
270 2070 383 2111 verba,
400 2077 511 2116 utpote
527 2086 567 2107 ez
581 2080 750 2120 superiori
766 2084 876 2125 capite
892 2085 1076 2128 importune
1092 2088 1147 2122 laic
1164 2097 1325 2136 repetita,
1350 2108 1422 2130 cum
1441 2098 1600 2135 cotelerio

132 2155 214 2202 Cap.
231 2157 323 2194 XVI.
341 2179 385 2185 —
415 2162 443 2196 l.
460 2163 555 2198 illam
579 2176 618 2199 su
646 2178 762 2202 ernam
787 2183 855 2215 eqo.
879 2173 938 2207 illa
962 2187 1109 2222 superna
1125 2180 1212 2216 Meu.
1285 2185 1316 2221 2.
1331 2187 1452 2223 Malim
1476 2202 1596 2237 neque.

63 2198 95 2233 3.
110 2199 193 2236 fiere
209 2203 298 2239 Men.
367 2206 398 2241 4.
415 2207 518 2242 istam
535 2222 603 2254 eqo.
637 2217 689 2246 sta
703 2214 792 2249 Men.

105 2279 187 2326 Cap.
203 2282 266 2316 XI.
282 2304 326 2310 -
342 2295 373 2320 a.
393 2285 514 2331 Stoici]
537 2289 657 2326 Isidor.
674 2292 790 2340 Origg.
860 2298 909 2332 De
925 2299 1062 2338 Resurr.
1076 2304 1177 2339 Carn.
1191 2319 1217 2343 c.
1233 2310 1273 2352 2.,
1290 2312 1429 2360 Menag.
1446 2316 1488 2349 ad
1498 2317 1596 2364 Diog.

59 2324 146 2368 VIII,
163 2326 194 2369 6,
212 2328 275 2362 9et
287 2330 341 2364 10:
369 2351 484 2373 „———
497 2334 792 2382 Omnepeccatum
859 2343 970 2380 Lae1‘t.
988 2349 1060 2389 VH,
1081 2351 1154 2387 157.
1173 2359 1208 2387 et
1222 2355 1279 2397 ΠΙ,
1298 2357 1350 2392 67.

61 2371 227 2407 uniforme
244 2385 320 2409 esse
344 2384 516 2421 asserunt,
540 2381 707 2425 dicentes,
734 2385 790 2419 Sic
905 2390 1088 2437 Cap.XHI.
1099 2410 1181 2432 —a.
1192 2400 1275 2434 duas
1285 2413 1360 2437 esse
1369 2406 1594 2453 substantias]

59 2415 115 2450 ille
130 2429 257 2454 nocens
281 2421 345 2455 erit
367 2424 426 2467 qui
440 2425 555 2469 paleas
571 2427 702 2463 furatus
719 2430 790 2465 fue·
859 2434 910 2469 Ex
924 2448 1126 2483 praegresso
1141 2446 1290 2490 capitulo
1305 2451 1425 2494 supple
1440 2454 1563 2490 dicunt.

58 2463 102 2495 rit
117 2473 221 2507 quam
233 2466 293 2510 qui
308 2477 439 2510 aurum,
458 2471 516 2514 qui
531 2483 687 2518 mergum
704 2478 790 2511 occi-
905 2482 936 2517 b.
955 2489 988 2517 et
997 2497 1065 2519 non
1075 2490 1386 2538 confundebantur]
1397 2496 1480 2531 Gen.
1491 2498 1591 2540 ima.

59 2506 143 2542 derit
157 2520 262 2562 quam
278 2513 337 2557 qui
353 2524 488 2558 equum.
519 2516 596 2551 Non
612 2520 703 2553 enim
719 2523 791 2556 ani·
925 2527 1006 2574 Cap.
1031 2531 1123 2566 XIV.
1141 2554 1184 2560 —
1212 2547 1242 2569 a.
1263 2537 1443 2585 Platonici]
1475 2543 1593 2579 lsidor.

58 2553 127 2605 mal
141 2565 279 2598 crimen,
295 2558 354 2592 sed
371 2560 505 2595 animus
518 2562 608 2597 facit.
631 2565 673 2598 Hi
687 2567 789 2601 etiam
859 2571 976 2618 origg.
995 2575 1082 2618 VIII,
1101 2578 1131 2619 G,
1150 2580 1179 2613 7.
1215 2581 1401 2621 „Platonici
1417 2598 1437 2620 a
1453 2587 1593 2624 Platone

57 2607 208 2634 ammam
242 2613 319 2637 cum
351 2615 490 2650 corpore
521 2609 630 2652 perire
662 2611 788 2647 dicunt.
856 2617 1055 2666 philosopho
1073 2623 1163 2657 dicti.
1198 2626 1241 2660 Hi
1257 2629 1448 2666 animarum
1465 2640 1591 2669 creato-

57 2642 182 2679 Amant
203 2658 339 2694 quoque
363 2651 521 2686 virtutem
550 2655 787 2701 continentiae,
855 2674 926 2696 rem
939 2676 1015 2699 esse
1029 2667 1139 2709 deum,
1153 2681 1333 2716 corporum
1346 2679 1487 2721 angelos
1501 2691 1591 2715 asse-

57 2688 218 2726 affectant
233 2694 379 2738 gloriam
396 2701 577 2740 aeternam,
595 2711 670 2735 cum
688 2714 723 2736 se
737 2703 784 2738 sa·
854 2714 948 2751 runt,
973 2717 1006 2744 et
1022 2719 1100 2757 post
1116 2716 1242 2750 multos
1260 2729 1429 2756 annorum
1446 2725 1590 2760 circulos

57 2737 190 2771 teantur
204 2749 274 2773 non
291 2750 365 2775 esse
383 2745 571 2777 aetemos.''
852 2754 886 2786 in
897 2754 1029 2790 diversa
1038 2769 1178 2803 corpora
1187 2763 1293 2797 redire
1302 2767 1434 2802 animas
1443 2770 1592 2805 dicunt.''

899 2799 980 2846 Cap.
999 2803 1074 2838 XV.
1095 2825 1137 2830 —
1153 2817 1183 2841 a.
1204 2820 1306 2852 quain
1320 2816 1459 2858 corpus]
1471 2815 1588 2851 Isidor.

100 2826 179 2873 Cap.
195 2829 272 2865 XII.
285 2851 328 2856 —
344 2843 374 2866 a.
390 2844 517 2879 magna
533 2846 576 2869 ex
590 2842 685 2881 parte
698 2849 785 2873 mor·
854 2843 970 2890 Origgr.
986 2848 1070 2888 vm,
1089 2850 1118 2889 (ἰ,
1140 2851 1190 2886 18.
1212 2875 1274 2890 ,-
1288 2876 1330 2882 —
1345 2859 1513 2894 Asserunt
1530 2873 1588 2896 au-

56 2871 173 2917 talem]
195 2874 312 2910 Isidor.
329 2877 447 2924 Origg.
468 2880 558 2922 vm,
584 2884 620 2923 (ἱ,
640 2883 688 2917 13.
717 2912 730 2926 „
743 2906 784 2911 —
854 2894 921 2923 tem
940 2891 1038 2925 deum
1056 2894 1137 2928 nihil
1161 2908 1279 2942 agere:
1305 2905 1419 2937 omnia
1432 2911 1587 2943 constare

57 2935 99 2942 —
113 2917 156 2952 Hi
171 2919 289 2955 dicunt
303 2924 475 2967 quandam
496 2928 697 2970 particulam
714 2932 785 2964 ani·
854 2938 1067 2981 corporibus:
1101 2942 1252 2978 animam
1285 2947 1367 2982 nihil
1391 2951 1480 2984 aliud
1512 2965 1587 2988 esse

55 2970 131 2997 mae
147 2975 222 3000 esse
238 2971 427 3003 aeternam:
450 2971 491 3004 de
514 2973 642 3017 reliquo
659 2985 787 3019 magna
855 2991 957 3024 quam
975 2994 1032 3016 cor
1048 2986 1131 3020 nus.''

55 3016 100 3041 u
138 3014 208 3044 arte
223 3014 435 3050 mortalem.”
466 3016 516 3051 Cf.
532 3017 785 3063 Pseudo-Oria.
899 3026 978 3072 Cap.
996 3028 1029 3062 X
1054 3030 1086 3064 Ἰ.
1112 3052 1153 3058 —
1177 3045 1206 3068 a.
1225 3036 1395 3083 Sethiani]
1421 3042 1469 3077 Cf.
1491 3043 1571 3079 Prae

54 3049 114 3086 Ph'
130 3055 307 3101 osophum.
322 3070 356 3104 p.
368 3059 420 3095 25.
434 3061 484 3096 ed.
496 3063 630 3106 Miller„
646 3065 784 3101 Tertull.
853 3070 973 3107 destin.
993 3086 1019 3108 c.
1043 3075 1090 3109 19.

1259 3141 1320 3172 12³*

1644 760 1710 794 Cap.
1728 763 1789 789 ΧΠ.

1641 898 1706 932 Cap.
1725 900 1802 926 XIII.

1636 1310 1702 1343 Cap.
1722 1311 1793 1337 xlv.

1633 1517 1699 1549 Cap.
1719 1519 1775 1544 XV.

1631 1654 1696 1687 cap.
1716 1656 1786 1681 xvr.
