2052 3374
1604 207 1683 248 385

132 309 192 345 fol.
206 308 282 343 599.
307 306 541 353 Chrysostom.
561 309 601 342 de
617 309 803 354 paenitent.
820 312 904 343 tom.
917 309 958 344 V.
976 309 1035 342 fol.
1050 308 1127 343 563.
1146 308 1330 354 Augustin.
1349 308 1388 342 de
1408 307 1536 342 Genesi
1552 308 1594 342 ad
1611 309 1684 342 lite-

132 365 208 389 ram
223 355 282 388 lib.
294 354 356 389 XI.
375 365 448 400 cap.
462 355 559 389 XXI.
579 356 618 388 de
637 356 773 388 civitate
791 355 845 388 dei
860 356 920 390 lib.
939 355 977 389 V.
996 365 1069 399 cap.
1088 354 1149 389 IX.

201 399 282 445 Cap.
302 399 418 435 LVIII.
436 422 479 426 —
514 400 607 434 Nihil
622 405 745 435 natura
762 412 837 434 esse
860 401 1075 434 immutabile
1092 401 1158 433 nisi
1184 401 1297 434 solum
1314 400 1416 433 deum
1432 401 1580 445 patrem]
1617 399 1684 434 Na-

134 446 284 480 zianzen.
303 445 343 479 de
359 445 426 479 fide
445 450 529 480 orat.
547 446 673 481 XLIX.
713 447 786 480 A'os
803 449 969 480 credimus
988 447 1222 479 immutabilem
1241 453 1271 479 et
1288 448 1581 486 [neom-ertibilem,
1598 449 1687 479 sicat

127 498 274 537 patrem,
292 494 343 525 ita
361 493 507 536 etfilium
526 494 589 533 dei,
609 499 640 525 et
653 495 808 537 <spiritum
825 498 988 525 sam-tam.
1017 490 1251 525 Theodoretus
1277 492 1311 525 in
1329 491 1455 526 Psalni.
1476 491 1540 525 CL.
1558 491 1683 526 Athan.

134 537 174 571 de
184 539 363 571 divinitate
382 538 511 570 Clas-ists
526 538 585 571 fol.
603 537 680 571 339.
706 538 746 571 de
765 540 1001 571 incarnatione
1021 538 1111 570 verbi
1133 537 1280 570 foI—ISO.
1297 538 1404 571 Autor
1422 538 1462 570 de
1480 537 1546 570 fide
1564 538 1607 570 ad
1622 537 1683 571 Pe-

133 586 224 617 trum
242 583 434 628 cap.XVII.
459 584 626 627 Didymus
645 583 685 616 de
703 584 822 628 spiritu
841 587 960 616 sancto
979 583 1037 616 fol.
1058 582 1132 616 122.
1158 583 1357 627 Hieronym.
1375 583 1414 616 de
1432 582 1496 624 his,
1516 595 1602 627 quae
1621 583 1683 616 deo

133 629 170 662 in
187 628 250 663 SS.
266 629 465 662 tribuuntur
488 634 571 663 tom.
588 629 650 663 IX.
674 629 733 664 fol.
752 629 805 662 67.
829 629 980 662 Isidorus
1003 628 1217 672 Hispalensis
1242 628 1282 661 de
1308 640 1442 662 summo
1468 629 1559 662 bono
1582 629 1640 662 lib.
1658 629 1683 663 Ι.

134 685 208 719 cap.
225 673 271 709 X.
296 678 442 708 sentent.
464 675 522 708 lib.
546 675 570 708 I.
596 686 669 719 cap.
687 675 711 707 I.
766 675 929 708 Rabanus
954 675 1093 707 Mam-us
1118 674 1158 706 de
1182 686 1329 708 sermon.
1352 675 1515 719 propi-iet.
1541 675 1599 708 lib.
1624 675 1681 709 IV.

133 730 207 765 cap.
223 720 270 755 X.
311 720 493 753 Durandus
512 724 657 753 sentent.
675 721 732 753 lib.
749 719 774 753 I.
793 720 940 753 distinct.
958 719 1046 754 VIII.
1066 720 1257 763 quaestion.
1275 719 1306 753 3.

199 765 244 799 Et
258 765 385 808 filium]
411 765 538 799 Contra
553 766 644 799 Arrii
659 766 820 807 furorem,
846 766 904 810 qui
927 765 1063 798 dicebat
1078 765 1189 798 filium
1205 777 1275 798 non
1293 777 1366 799 esse
1384 766 1683 800 inconvertibilem

133 814 170 845 ut
184 814 330 856 patrem,
347 811 405 845 sed
422 812 613 845 vertibilem
631 816 864 845 creaturarum
876 811 988 844 modo.
1006 809 1172 844 Athamas.
1189 814 1271 844 tom.
1289 812 1316 845 1.
1335 812 1497 856 disputat.
1516 812 1545 845 2.
1565 816 1684 845 contra

132 857 294 890 Arrianos
318 857 377 892 fol.
399 857 471 890 141.
497 861 531 890 01
552 858 589 891 111
612 862 697 891 0131.
723 861 842 891 0011113
863 857 1026 890 Arrianos
1049 860 1131 890 tom.
1150 856 1179 889 2.
1203 856 1262 891 fol.
1281 856 1334 891 30.
1375 857 1534 891 Socrates
1560 858 1682 891 eccles.

132 900 251 937 histor.
268 903 327 936 lib.
344 902 370 937 Ι.
388 913 461 947 cap.
478 902 535 937 III.
575 903 701 937 Histor.
720 903 865 947 Tripart.
882 903 941 937 lib.
959 902 983 936 I.
1002 913 1075 946 cap.
1095 902 1189 935 XIII.
1230 902 1396 946 Origenes
1413 903 1448 936 in
1465 903 1604 936 Numer.
1622 902 1683 936 ho-

133 948 206 982 mil.
226 948 276 982 16.
295 959 368 994 cap.
387 948 515 983 XXIII.
556 949 625 992 περὶ
643 948 753 994 ἀρχῶν
775 949 833 982 lib.
849 948 875 982 I.
898 959 972 993 cap.
995 947 1083 982 VIII.
1122 947 1326 992 Fulgentius
1350 948 1391 981 ad
1416 949 1683 983 Trasimundum

131 992 266 1039 Regem
281 994 340 1028 lib.
356 994 554 1035 111.f01.;56.
578 994 916 1029 Τ1100(10101.000105.
934 994 1053 1028 histor.
1072 993 1130 1027 lib.
1144 993 1169 1028 1.
1187 1004 1261 1038 cap.
1275 993 1331 1027 IV.
1357 994 1567 1028 Sozomenus
1585 995 1642 1028 lib.
1658 995 1682 1029 I.

134 1050 209 1085 cap.
225 1039 320 1075 XIV.
360 1039 520 1073 Ruffinus
538 1041 657 1075 eccles.
675 1040 794 1074 histor.
810 1041 869 1075 lib.
886 1040 932 1073 X.
950 1050 1023 1085 cap.
1042 1040 1081 1073 V.
1107 1040 1206 1079 Illos,
1224 1042 1280 1083 qm?
1297 1041 1413 1072 (licant
1436 1041 1682 1074 convertibilem

135 1091 196 1119 aut
210 1086 400 1119 mutabilem
417 1087 606 1130 esse-filium
624 1088 687 1126 dei,
706 1086 974 1119 cmcctlzematz‘zat
989 1085 1160 1119 catholica
1179 1091 1210 1118 et
1226 1087 1413 1129 apostolica
1431 1087 1586 1119 ecclesia.

202 1130 284 1176 Cap.
300 1130 390 1165 LIX.
408 1151 451 1155 —
489 1132 616 1175 Angeli
637 1143 707 1165 non
731 1135 854 1165 natura
876 1131 1055 1176 possident
1070 1131 1214 1173 bonum]
1255 1131 1381 1175 Angeli
1397 1143 1467 1165 non
1484 1132 1685 1166 naturaliter

135 1177 247 1210 sancti
269 1180 366 1218 sunt,
390 1177 450 1211 sed
474 1177 517 1210 ad
541 1173 653 1210 5311011
675 1178 883 1211 vocabulum
905 1177 971 1210 fide
996 1180 1030 1210 01
1050 1177 1178 1222 placita
1201 1177 1263 1210 deo
1287 1178 1558 1218 conversatione,
1582 1182 1685 1222 atque

133 1222 244 1267 ipsius
262 1223 403 1268 spiritus
421 1223 532 1256 sancti
548 1223 831 1264 sanctificatione,
849 1228 1025 1256 venerunt.
1065 1222 1251 1256 Faustinus
1270 1222 1309 1255 de
1327 1222 1393 1255 fide
1412 1234 1486 1268 cap.
1506 1223 1577 1258 VII.
1620 1224 1684 1267 Cy-

135 1268 232 1302 rillus
248 1268 418 1302 Alexand.
435 1269 472 1302 in
488 1267 648 1302 thesauro
665 1269 724 1303 lib.
741 1268 798 1303 IV.
817 1280 891 1314 cap.
908 1268 934 1302 I.
972 1268 1134 1302 Baeticus
1154 1268 1194 1301 de
1211 1268 1288 1303 fide.
1329 1268 1498 1312 Didymus
1516 1269 1684 1302 Alexand.

133 1313 169 1347 in
187 1325 205 1347 e
230 1314 286 1349 ist.
304 1313 423 1348 Iohan.
439 1314 463 1348 I.
483 1325 556 1359 cap.
574 1314 630 1349 III.
652 1314 693 1347 de
711 1315 832 1359 spiritu
851 1317 968 1348 sancto
986 1314 1044 1347 lib.
1061 1314 1086 1348 I.
1112 1314 1251 1358 Origen.
1270 1313 1339 1358 περὶ
1358 1312 1468 1359 ἀρχῶν
1486 1315 1543 1348 lib.
1558 1314 1583 1350 I.
1603 1326 1630 1348 0.
1645 1315 1685 1348 V.

135 1362 170 1393 et
184 1359 212 1393 V
249 1359 272 1393 1.
309 1359 460 1393 Basilius
478 1361 628 1404 Magnus
646 1361 802 1395 concion.
820 1360 909 1393 VIII.
926 1360 961 1393 in
978 1359 1104 1393 Psalm.
1120 1359 1272 1393 XXXII.
1300 1360 1340 1393 de
1357 1371 1384 1394 5.
1405 1364 1523 1394 sancto
1542 1372 1569 1394 c.
1587 1361 1686 1395 XIX.

134 1404 302 1440 Athanas.
321 1405 447 1450 dialog.
464 1405 489 1440 I.
529 1405 768 1439 Nazianzenus
787 1410 870 1439 orat.
887 1405 1008 1440 XLIV.

203 1450 324 1485 Sancti
339 1451 456 1496 angeli
471 1453 654 1495 vocantur]
681 1451 800 1485 Sancti
817 1452 933 1496 angeli
948 1455 1115 1485 vocantur
1131 1455 1268 1496 propter
1282 1450 1561 1496 pulcherrimum,
1578 1452 1686 1486 incul-

133 1496 318 1542 pabileque
335 1497 574 1539 ministerium,
595 1497 685 1542 quod
703 1497 764 1531 deo
784 1496 958 1531 exhibent.
997 1496 1094 1531 Philo
1113 1497 1152 1531 de
1173 1497 1391 1542 Gigantibus.

203 1541 251 1576 Ca
279 1569 286 1576 .
303 1542 377 1578 LX.
394 1563 438 1568 —
478 1542 641 1576 Omnium
664 1547 898 1577 creaturarum
922 1544 1049 1577 bonam
1072 1543 1254 1577 confitetur
1272 1544 1518 1587 substantiam]
1558 1543 1686 1578 Contra

134 1554 330 1623 Manicfiaei
346 1588 508 1631 furorem,
527 1589 586 1633 qui
603 1589 687 1622 duas
705 1594 845 1622 naturas
863 1593 965 1633 atque
987 1589 1210 1630 substantias,
1227 1589 1310 1622 boni
1328 1590 1458 1622 scilicet
1475 1594 1508 1623 01
1524 1590 1617 1630 111311,
1635 1601 1686 1623 50-

137 1644 246 1678 quens
270 1635 357 1668 alios
383 1635 543 1679 antiquos
568 1634 775 1675 haereticos,
802 1635 962 1679 opinatus
980 1638 1042 1670 est.
1081 1635 1267 1680 Augustin.
1285 1635 1324 1668 de
1342 1634 1472 1670 1130105.
1491 1646 1564 1680 cap.
1582 1635 1687 1669 XLV.

135 1679 176 1713 de
200 1680 367 1724 religione
391 1679 574 1714 Christian.
598 1691 671 1726 cap.
689 1681 750 1715 IX.
766 1680 864 1714 XIX.
880 1680 1012 1715 XXIlI.
1036 1680 1076 1714 de
1100 1681 1254 1714 moribus
1271 1680 1554 1714 Manichaeorum
1571 1682 1628 1715 lib.
1646 1680 1687 1716 II.

135 1735 209 1771 cap.
228 1725 316 1761 VIII.
344 1725 563 1771 Soliloquior.
580 1726 639 1761 lib.
657 1726 682 1761 I.
703 1737 774 1771 cap.
793 1726 818 1759 I.
836 1730 954 1760 contra
969 1726 1136 1760 Faustum
1148 1725 1391 1760 Manichaeum
1408 1727 1467 1760 lib.
1485 1727 1540 1760 VI.
1558 1738 1630 1772 cap.
1646 1726 1687 1762 11.

137 1776 257 1805 contra
279 1771 402 1806 Iulian.
426 1772 484 1805 lib.
502 1771 526 1805 I.
551 1783 624 1818 cap.
646 1772 704 1805 III.
747 1772 873 1817 Papias
897 1772 933 1805 in
956 1783 1039 1805 voce
1062 1772 1273 1806 Manichaei.
1318 1771 1532 1817 Epiphanius
1556 1772 1688 1808 haeres,

135 1817 266 1852 XXIV.
285 1816 450 1852 XXXVI.
467 1817 588 1852 LXVI.
630 1818 738 1851 Autor
763 1817 802 1851 de
825 1818 892 1851 fide
918 1817 961 1851 ad
984 1817 1122 1852 Petrum
1138 1818 1331 1852 Diaconum
1357 1829 1429 1863 cap.
1446 1818 1544 1853 XXI.
1584 1818 1689 1852 Atha-

135 1873 210 1897 nas.
228 1866 346 1896 contra
363 1866 484 1908 gentes
507 1864 566 1897 sol.
584 1862 614 1897 2.
654 1863 892 1897 Damascenus
919 1863 1045 1908 dialog.
1069 1868 1189 1897 contra
1210 1863 1431 1897 Manichaeos
1456 1875 1536 1909 pag.
1555 1863 1630 1899 251.
1649 1864 1689 1898 de

136 1907 203 1942 fide
221 1907 402 1944 orthodox.
428 1909 486 1943 lib.
503 1909 560 1943 IV.
586 1920 660 1953 cap.
677 1909 774 1944 XXI.
814 1909 1044 1953 Hieronymus
1066 1910 1101 1943 in
1124 1910 1333 1943 Hieremiam
1355 1910 1412 1943 lib.
1432 1910 1456 1945 Ι.
1487 1921 1560 1955 cap.
1578 1909 1634 1945 III.
1653 1911 1690 1944 in

135 1953 351 1988 Ezechielem
372 1955 431 1988 lib.
448 1955 504 1988 IV.
523 1965 597 1999 cap.
615 1954 776 1989 XXVlII.
803 1954 967 1988 adversus
989 1954 1194 2000 Pelagianos
1219 1967 1246 1989 0.
1263 1955 1320 1990 IV.
1363 1956 1512 1989 Basilius
1537 1956 1688 2001 Magnus

136 1998 255 2034 homil.
273 1999 304 2035 2.
322 2001 357 2033 in
373 2000 625 2034 Hexaemeron.
644 2004 677 2034 et
692 2001 727 2033 in
746 2000 909 2034 concione
931 2000 1027 2039 Quod
1039 2003 1119 2034 deus
1137 2005 1257 2034 nonsit
1275 2008 1394 2035 auctor
1408 2003 1579 2035 malorum.
1608 2002 1689 2036 Gre-

138 2045 256 2090 gorius
273 2045 478 2079 Nazianzen.
502 2051 586 2080 orat.
603 2046 677 2080 XL.
700 2047 736 2079 in
753 2058 779 2081 s.
804 2047 975 2091 baptisma
991 2046 1050 2081 fol.
1069 2046 1145 2081 671.
1186 2046 1318 2080 Πίστευε
1337 2046 1379 2092 μὴ
1404 2046 1515 2080 οὐσίαν
1540 2047 1609 2080 τινὰ
1631 2050 1688 2081 τοῦ

138 2093 239 2124 κακοῦ
257 2087 344 2135 εἶναι,
364 2090 443 2135 μήτε
461 2091 623 2132 βασιλείαν
641 2092 659 2133 ἢ
680 2089 838 2136 ἄναργον,
855 2092 874 2134 ἢ
894 2090 958 2138 παῤ
977 2090 1089 2134 ἑαυτῆς
1107 2091 1310 2136 ὑποστᾶὶο-οιν7
1329 2094 1347 2135 ἢ
1368 2092 1455 2138 παρὰ
1471 2096 1528 2126 τοῦ
1547 2093 1618 2126 θεοῦ
1637 2105 1690 2138 γε·

138 2135 285 2181 νομένην,
303 2135 377 2169 ἀλλ’
394 2136 549 2182 ἣμέτεοον
567 2135 660 2182 ἔργον
679 2132 756 2169 εἶναι
773 2132 870 2170 ioum
881 2137 932 2170 καὶ
951 2140 1007 2170 τοῦ
1027 2141 1188 2183 πονηροῦ,
1215 2137 1249 2171 ἐκ
1267 2141 1321 2180 τῆς
1347 2137 1531 2183 ἀπροςεξίας
1554 2137 1690 2178 ἕπειςελ-

138 2179 193 2214 obv
217 2180 311 2226 ἡμῖν,
334 2180 408 2214 ἀλλ’
434 2181 509 2227 οὐχ(
526 2185 583 2215 τοῦ
602 2182 778 2221 κτίσαντος.
815 2183 922 2216 Docte
938 2183 1142 2218 Hierotheus
1160 2184 1251 2229 apud
1274 2184 1480 2229 Dionysium
1502 2185 1691 2230 Areopagi-

137 2229 209 2260 tam
225 2226 296 2272 περὶ
314 2226 405 2260 θείων
424 2224 593 2272 ὄνομά-,ων
607 2239 687 2273 pag.
705 2227 781 2262 313.
800 2233 833 2261 et
850 2233 1003 2273 sequent.

205 2271 288 2318 Cap.
306 2272 397 2307 LXI.
418 2293 460 2298 —
483 2273 635 2307 Virtutes
662 2274 854 2317 angelicae,
881 2285 968 2319 quae
992 2275 1027 2308 in
1052 2275 1166 2308 divino
1192 2286 1307 2309 amore
1331 2276 1422 2310 fixae
1452 2275 1687 2321 perstiterunt]

138 2318 323 2363 Augustin.
335 2317 522 2352 enchiridio
540 2319 582 2352 ad
590 2319 814 2353 Laurentium
832 2331 905 2365 cap.
922 2320 1084 2355 XXVIII.
1105 2321 1144 2354 de
1160 2322 1372 2367 correptione
1387 2326 1419 2355 et
1433 2322 1543 2366 gratia
1557 2333 1629 2367 cap.
1645 2322 1689 2356 X.

137 2364 246 2398 Autor
264 2363 304 2397 de
320 2363 388 2397 fide
405 2364 448 2397 ad
464 2364 603 2398 Petrum
621 2365 813 2399 Diaconum
830 2376 858 2399 c.
875 2365 1004 2400 XXIII.
1044 2366 1193 2400 Isidorus
1211 2368 1404 2412 Ilispalens.
1423 2372 1569 2402 sentent.
1588 2368 1646 2401 lib.
1665 2367 1688 2402 I.

138 2420 212 2455 cap.
230 2409 274 2444 X.
315 2409 410 2443 Beda
426 2410 460 2443 in
477 2409 548 2443 Iob.
567 2421 638 2456 cap.
655 2410 711 2444 IV.
750 2410 927 2456 Philippus
953 2413 1130 2457 presbyter
1153 2413 1189 2446 111
1212 2413 1283 2446 101).
1307 2414 1364 2446 lib.
1388 2414 1415 2448 1.
1441 2424 1514 2458 cap.
1533 2413 1562 2447 6.
1580 2413 1639 2448 lib.
1659 2412 1689 2447 2.

141 2466 215 2501 cap.
232 2455 345 2490 XXV.
388 2455 568 2489 Caesarius
587 2456 712 2500 dialog.
727 2456 751 2491 I.
778 2456 1015 2491 Nazianzenus
1033 2462 1116 2492 orat.
1134 2458 1174 2491 II.
1193 2459 1226 2491 in
1246 2470 1272 2491 s.
1291 2458 1430 2503 pascha.

206 2499 288 2546 Cap.
307 2500 412 2535 LXII.
429 2520 473 2525 -—
497 2501 597 2535 Tales
615 2503 718 2536 creati
735 2507 815 2536 sunt
831 2504 956 2548 angeli,
975 2508 1011 2537 ut
1029 2504 1058 2536 si
1074 2504 1210 2544 vellent,
1227 2504 1261 2536 in
1281 2504 1500 2537 beatitudinis
1517 2504 1592 2538 luce
1615 2515 1690 2549 per-

139 2546 313 2591 sisterent]
341 2546 576 2581 Damascenus
594 2547 634 2581 de
652 2547 718 2581 fide
737 2547 927 2582 orthodoxa
945 2549 1002 2582 lib.
1021 2548 1050 2581 ἱ).
1070 2560 1143 2594 cap.
1161 2548 1192 2583 3.
1236 2547 1306 2581 Εἰσὶ
1330 2548 1433 2581 τοίνυν
1452 2549 1543 2593 φύσις
1561 2548 1689 2594 λογικὴ,

140 2591 236 2638 νοερά
260 2604 293 2625 τε
311 2591 362 2625 καὶ
386 2591 604 2636 αὖτεξούσιος,
631 2594 749 2638 τρεπτή
767 2593 848 2626 κατὰ
865 2593 1016 2638 γνώμην,
1041 2593 1112 2636 ἤτοι
1136 2592 1374 2638 ἐθελότρεπτος.
1403 2596 1464 2627 πᾶν
1482 2593 1543 2639 γὰο
1562 2595 1689 2627 κτιστον

139 2637 192 2671 καὶ
209 2637 366 2683 τρεπτὺν,
400 2639 498 2683 μόνον
517 2637 551 2670 δὲ
568 2638 604 2670 τὶ)
623 2636 770 2671 ἄκτιστον
796 2636 969 2683 ἄτιουττον,
988 2638 1040 2671 καὶ
1058 2641 1119 2671 πᾶν
1137 2638 1270 2682 λογικον
1296 2639 1509 2677 αὐτεξούσιον.
1528 2630 1533 2639 ⁸
1552 2638 1609 2678 Ὡς
1634 2639 1689 2685 μὲν

140 2679 195 2716 οὖν
212 2682 340 2729 λογικὴ,
359 2683 410 2716 καὶ
428 2683 521 2728 νοερὰ
539 2683 741 2722 αὐτεξούσιός
760 2682 852 2716 ἐστιν.
885 2682 942 2722 Ὣς
961 2683 995 2716 δὲ
1013 2683 1140 2727 κτιστὴ,
1165 2683 1301 2728 τρεπτὴ,
1327 2682 1450 2729 ἔχουσα
1467 2683 1610 2724 ἐξουσίαν
1637 2685 1690 2718 καὶ

140 2728 258 2774 μένειν7
282 2729 334 2762 καὶ
353 2730 545 2774 προκόπτειν
564 2727 594 2762 ἐν
612 2732 660 2774 τῷ
678 2727 809 2774 ἀγαθῷ7
834 2729 885 2761 καὶ
903 2727 953 2761 ἐπὶ
970 2729 1007 2761 τὶ)
1025 2731 1134 2774 χεῖρον
1158 2728 1336 2774 τρέπεσθαι.
1378 2730 1442 2762 Est
1464 2743 1541 2774 erqo
1565 2738 1690 2764 natura

140 2776 255 2819 anqeli
276 2776 468 2815 rationalis,
495 2782 525 2808 et
541 2776 786 2814 intellectualis,
805 2781 835 2808 et
851 2775 959 2808 libera
973 2781 1146 2818 potestate,
1165 2775 1371 2819 arbitrioque
1385 2777 1499 2819 sulla,-
1524 2777 1689 2810 vertibilis

138 2821 316 2855 secundum
329 2823 550 2866 propositum,
567 2823 636 2854 sire
649 2821 816 2854 roluntate
830 2821 1008 2854 mutabilis.
1035 2820 1127 2853 Nam
1141 2832 1233 2853 omne
1247 2827 1394 2853 creatum
1410 2822 1570 2861 vertibile,
1587 2823 1690 2855 solum

141 2872 249 2900 autem
270 2868 457 2900 increatum
480 2866 686 2900 invertibile:
712 2873 743 2899 et
765 2878 856 2899 omne
880 2866 1049 2899 rationale
1068 2872 1233 2910 potestate
1257 2867 1404 2899 liberum.
1445 2867 1690 2901 luteum-malis

140 2922 218 2955 erqo
236 2918 371 2953 natura,
388 2918 425 2945 ut
438 2912 620 2946 rationalis
632 2917 796 2956 potestate
814 2912 922 2944 libera
939 2918 1002 2944 est:
1020 2918 1056 2945 ut
1072 2917 1190 2944 creata
1207 2923 1284 2946 vero
1301 2913 1479 2952 vertibilis,
1494 2918 1690 2956 potestatem

140 2955 266 2990 habens
281 2960 440 2992 manendi
456 2964 487 2991 et
496 2958 701 3003 proficiendi
717 2960 751 2990 in
768 2957 866 2997 bono,
892 2964 924 2990 et
944 2959 978 2989 in
1004 2958 1150 2990 <leterius
1162 2958 1374 3001 prolabencli.
1414 2956 1624 2992 A1hanasius
1648 2958 1689 2993 de

139 3001 291 3037 trinitate
308 3003 365 3037 lib.
382 3002 408 3037 1.
432 3003 489 3037 fol.
513 3002 583 3037 186.
602 3002 767 3045 Origenes
785 3002 855 3047 περὶ
872 3000 982 3047 ἀρχῶν
1000 3002 1057 3035 lib.
1076 3001 1116 3035 lI.
1134 3013 1206 3048 cap.
1222 3003 1309 3037 VIlI.
1336 3001 1522 3048 Gregorius
1541 3005 1690 3049 Magnus

140 3047 324 3084 moralium
338 3049 396 3084 lib.
412 3048 469 3083 IV.
489 3059 563 3094 cap.
576 3048 708 3083 XXIX.
734 3049 841 3082 Autor
858 3047 897 3082 de
914 3047 980 3082 fide
999 3047 1188 3083 adPetrum
1197 3048 1390 3083 Diaconum
1407 3059 1479 3095 cap.
1489 3048 1546 3085 111.
1569 3049 1689 3084 Petrus

1378 3105 1418 3140 <25
