2052 3374
661 208 710 234 nu
730 206 965 234 nassnsssmus
984 207 1106 233 mmm.
1573 207 1651 249 201

112 317 188 360 bus
210 315 384 359 diversis
405 317 527 368 atque
549 316 656 355 inter
677 326 720 354 se
742 312 927 354 adversis
949 326 1040 354 esse
1060 311 1299 368 principiis,
1320 311 1394 353 sed
1413 324 1542 352 unum
1564 324 1654 351 esse

110 385 379 441 principium,
409 382 531 423 deum
562 382 722 423 scilicet
743 383 918 435 bonum,
950 386 991 422 et
1022 382 1072 423 ab
1102 381 1171 422 1110
1195 382 1348 422 sactum
1370 380 1563 433 alterum,
1586 381 1655 433 qui

112 466 206 494 cum
225 452 432 505 malignus
455 455 586 504 esset,
616 452 809 491 inventus
839 454 902 491 est
929 452 971 491 in
1000 464 1073 491 sua
1094 450 1296 491 mundum
1316 449 1572 503 malignitate
1594 448 1654 489 fe-

111 522 229 562 cisse.
278 520 399 561 Hunc
428 519 618 574 Apellem
646 520 791 560 dicunt
820 519 988 573 quidam
1017 520 1142 559 etiam
1171 518 1220 559 de
1251 518 1412 559 Christo
1440 522 1527 558 tam
1553 517 1657 558 falsa

111 590 305 642 sensisse,
326 593 372 632 ut
393 588 549 630 diceret
570 602 663 629 eum
684 601 768 629 non
790 587 957 642 quidem
979 601 1147 628 carnem
1169 587 1432 642 ¹dep0suisse
1456 586 1505 627 de
1529 586 1656 639 caelo,

111 658 184 700 sed
204 672 254 701 ex
275 657 491 699 elementis
512 657 657 698 mundi
679 657 902 711 accepisse,
925 669 1028 710 quae
1051 656 1204 698 mundo
1226 655 1429 708 reddidit,
1452 670 1545 697 cum
1567 656 1655 697 sine

111 741 232 769 carne
254 740 473 779 resurgens
495 726 538 767 in
561 725 721 767 caelum
741 724 942 766 ascendit.

195 795 408 837 Severiani
434 810 458 836 a
479 795 629 836 Severo
652 795 784 836 exorti
805 795 947 835 vinum
968 807 1051 835 non
1074 792 1241 846 bibunt,
1270 807 1315 834 eo
1339 794 1448 847 quod
1470 792 1658 834 sabulosa

110 865 290 906 vanitate
308 864 363 905 de
386 868 531 905 satana
552 868 592 904 et
614 867 722 905 terra
742 864 996 917 germinasse
1018 866 1206 903 asserant
1232 864 1371 903 vitem.
1422 862 1556 903 Etiam
1579 862 1658 917 ipsi

109 947 193 975 non
214 947 358 974 sanam
380 933 613 974 doctrinam
632 946 751 973 suam
773 931 922 986 quibus
951 930 1095 972 volunt
1114 931 1261 972 inflant
1281 931 1519 972 nominibus
1541 932 1655 985 prin-

111 1003 269 1059 cipum,
298 1004 434 1044 carnis
455 1002 801 1042 resurrectionem
823 1014 916 1041 cum
938 1004 1075 1041 vetere
1098 1003 1346 1041 testamento
1377 999 1655 1055 ¹respuenteS.

194 1070 358 1113 Tatiani
386 1085 410 1111 a
437 1070 470 1111 T
474 1072 611 1111 atiano
635 1069 812 1125 quodam
833 1070 1028 1121 instituti,
1051 1068 1121 1123 qui
1143 1073 1183 1109 et
1202 1068 1438 1110 Encratitae
1461 1068 1658 1123 appellati

112 1143 228 1193 sunt,
258 1140 424 1194 nuptias
457 1139 675 1191 damnant,
714 1142 835 1192 atque
868 1137 1034 1179 0111111110
1064 1151 1184 1192 pares
1215 1152 1284 1178 eas
1316 1137 1657 1179 fornicationibus

111 1207 284 1262 aliisque
307 1208 639 1263 corruptionibus
660 1208 838 1260 faciunt,
860 1221 936 1248 nec
959 1206 1165 1262 recipiunt
1186 1208 1229 1247 in
1251 1220 1417 1248 suorum
1439 1217 1658 1249 numerum

111 1278 299 1331 coniugio
320 1279 527 1330 utentem,
549 1278 635 1318 sive
657 1290 814 1317 marem
840 1277 926 1317 sive
956 1276 1165 1316 feminam.
1209 1275 1301 1317 Non
1323 1278 1549 1317 vescuntur
1567 1289 1656 1316 car-

111 1346 247 1399 nibus,
270 1359 420 1400 easque
443 1359 588 1387 omnes
611 1346 914 1387 abominantur.
946 1344 1204 1386 Prolationes
1226 1345 1425 1398 quasdam
1448 1343 1657 1385 fabulosas

110 1414 343 1456 seculorum
364 1416 489 1455 etiam
511 1416 590 1469 ipsi
612 1415 789 1469 sapiunt.
841 1412 971 1454 Saluti
998 1414 1120 1467 primi
1147 1412 1327 1454 hominis
1356 1413 1657 1455 contradicunt.

108 1483 364 1539 Epiphanius
386 1483 582 1524 Tatianos
612 1488 652 1523 et
672 1483 904 1524 Encratitas
932 1483 990 1523 ita
1011 1482 1229 1535 discernit,
1258 1486 1303 1524 ut
1322 1482 1555 1524 Encratitas
1578 1483 1658 1526 Ta·-

110 1553 212 1593 tiani
233 1552 520 1594 schismaticos
542 1550 687 1593 2dicat.

198 1620 478 1676 Cataphryges
501 1625 597 1661 sunt
626 1634 798 1675 quorum
822 1624 1011 1661 auctores
1032 1620 1199 1661 fuerunt
1219 1621 1440 1662 Montanus
1463 1624 1661 1675 tanquam

112 1689 336 1745 paraclstus
360 1692 401 1730 et
422 1689 524 1731 duae
541 1690 824 1746 prophetissae
843 1690 986 1744 ipsius,
1007 1689 1150 1730 Prisca
1166 1693 1206 1730 et
1221 1689 1460 1730 Maximilla.
1492 1691 1567 1731 His
1586 1705 1659 1732 no-

112 1772 209 1800 men
229 1760 444 1814 provincia
464 1759 641 1813 Phrygia
663 1758 797 1811 dedit,
827 1759 922 1812 quia
948 1758 1006 1798 ibi
1034 1759 1261 1799 extiterunt
1287 1759 1427 1813 ibique
1456 1760 1661 1812 vixerunt,

115 1830 156 1869 et
177 1828 415 1868 etiamnunc
438 1828 480 1868 in
503 1827 658 1868 eisdem
681 1827 866 1882 partibus
888 1826 1060 1882 populos
1082 1826 1249 1868 habent.
1280 1827 1520 1869 Adventum
1538 1829 1659 1883 spiri-

112 1899 178 1938 tus
201 1897 335 1938 sancti
356 1910 380 1937 a
401 1896 566 1937 domino
590 1898 838 1951 promissum
862 1897 903 1936 in
926 1910 969 1936 se
992 1897 1127 1951 potius
1150 1910 1274 1950 quam
1301 1898 1343 1937 in
1373 1897 1571 1952 apostolis
1601 1899 1659 1938 eis

113 1963 239 2006 fuisse
262 1969 454 2006 asserunt
469 1965 689 2006 redditum.
723 1964 934 2006 Secundas
952 1967 1117 2020 nuptias
1135 1979 1207 2020 pro
1226 1966 1568 2016 fornicationibus
1587 1966 1659 2007 ha-

114 2032 231 2086 bent,
259 2037 301 2074 et
333 2033 426 2074 ideo
457 2033 601 2075 dicunt
635 2048 703 2074 eas
731 2034 972 2088 permisisse
1004 2033 1258 2089 1apostolum
1284 2034 1459 2076 Paulum
1488 2037 1584 2090 quia
1611 2050 1661 2077 ex

112 2106 229 2158 parte
251 2102 410 2144 sciebat
431 2106 472 2143 et
493 2116 542 2143 ex
564 2106 678 2157 parte
702 2102 993 2157 prophetabat3
1022 2103 1207 2144 nondum
1229 2104 1340 2144 enim
1361 2108 1531 2146 venerat
1553 2104 1661 2159 quod

203 2203 285 2249 Cap.
302 2203 431 2238 XXIII.
459 2225 498 2228 —
530 2204 555 2237 l.
579 2203 660 2236 Sola
685 2205 735 2238 ed.
754 2204 881 2237 Lotum.
908 2204 1047 2238 duxisse
1073 2204 1113 2238 de
1138 2205 1242 2239 coelo.
1291 2205 1449 2250 (Bened.)
1500 2207 1661 2240 Fortasse

112 2250 322 2283 scribendum
340 2256 388 2282 est
406 2250 650 2294 desumpsisse.

203 2295 284 2340 Cap.
301 2295 430 2329 XXIV.
450 2316 492 2320 —
532 2295 557 2327 l.
583 2295 791 2337 ›S'ubt'nnqzmt
813 2297 912 2328 editi':
950 2296 1010 2330 llic
1033 2300 1210 2342 praeterea
1231 2296 1454 2331 Philumenen
1487 2298 1660 2343 quandam

70 2379 72 2382 .
113 2341 262 2385 puellam
279 2341 414 2374 dicebat
430 2341 631 2385 inspiratam
649 2340 810 2374 (livinitus
828 2341 869 2374 ad
886 2343 1160 2387 praenuntianda
1176 2342 1307 2383 futura,
1334 2343 1375 2375 ad
1399 2354 1503 2388 quam
1527 2345 1662 2378 somnia

113 2389 215 2430 atque
234 2391 348 2420 aestus
373 2387 427 2420 sui
451 2387 558 2420 animi
581 2386 730 2419 referens
755 2386 1021 2421 divinationibus
1039 2400 1099 2422 seu
1116 2389 1306 2433 praesagiis
1324 2389 1395 2422 eius
1414 2390 1572 2423 secretim
1590 2396 1662 2424 erat

113 2432 233 2466 solitus
256 2433 487 2477 praemoneri,
511 2432 629 2465 eodem
654 2431 893 2476 phantasmate
919 2434 1028 2467 eidem
1051 2433 1272 2467 Philumenae
1297 2435 1391 2479 pueri
1414 2434 1533 2468 habitu
1551 2447 1586 2469 se
1605 2437 1659 2469 (10-

113 2481 342 2519 monstrante,
367 2478 425 2522 Ι(1111
447 2489 531 2522 puer
554 2488 719 2522 apparens
738 2477 909 2512 Christum
926 2490 962 2512 se
980 2480 1174 2524 aliquando,
1200 2480 1384 2524 aliquando
1402 2491 1477 2513 esse
1495 2486 1662 2515 assereret

112 2522 274 2564 Paulum,
305 2534 324 2556 a
349 2535 415 2568 quo
439 2522 680 2568 phantasmate
705 2524 883 2558 sciscitans
907 2536 947 2558 ea
965 2526 1087 2559 soleret
1112 2526 1317 2570 respondere
1335 2536 1422 2569 quae
1440 2538 1475 2559 se
1493 2527 1660 2560 audienti-

114 2568 178 2602 bus
197 2568 331 2603 diceret.
373 2568 547 2602 Nonnulla
571 2579 706 2613 quoque
731 2569 825 2602 illam
849 2570 1014 2604 miracula
1039 2571 1171 2616 operari
1188 2571 1341 2611 solitam,
1360 2571 1447 2605 inter
1472 2583 1559 2616 quae
1577 2573 1658 2605 illud

113 2614 344 2659 praecipuum,
371 2614 460 2658 quod
481 2615 517 2647 in
542 2614 780 2655 angustissimi
803 2616 869 2649 oris
887 2617 1073 2662 ampullam
1097 2617 1241 2650 vitream
1264 2628 1388 2661 panem
1414 2618 1579 2661 grandem
1598 2619 1660 2651 im-

113 2659 281 2701 mitteret,
303 2671 451 2704 eumque
474 2660 636 2693 extremis
660 2659 811 2703 digitulis
834 2661 945 2695 levare
977 2663 1102 2696 soleret
1130 2663 1304 2704 illaesum,
1329 2674 1438 2707 eoque
1463 2664 1536 2697 solo
1561 2664 1660 2708 quasi

115 2704 275 2738 (livinitus
293 2705 359 2738 sibi
377 2705 451 2739 cibo
470 2705 548 2738 (lato
574 2705 695 2738 fuisset
714 2710 881 2740 contenta.
930 2708 1035 2740 Abest
1049 2710 1087 2741 id
1104 2714 1201 2741 totum
1220 2722 1239 2741 (ι
1258 2708 1365 2748 MSS,
1383 2710 1569 2752 qnoclsw'te
1588 2722 1658 2741 cum

116 2755 198 2782 esset
213 2763 235 2783 a
251 2753 405 2795 quopiam
422 2754 457 2784 in
473 2764 533 2784 ora
553 2751 641 2790 libri,
661 2764 720 2782 uum
739 2753 778 2783 {le
794 2751 924 2794 Sel-ero,
942 2755 1002 2786 sed
1021 2755 1060 2786 de
1073 2754 1193 2797 Apelle
1207 2759 1410 2794 ammtatmn,
1429 2755 1567 2786 librarii
1584 2754 1658 2786 leal-

117 2795 301 2828 lucinantes
318 2798 405 2829 istuc
424 2797 676 2828 transtulerant.
718 2796 768 2829 De
788 2797 905 2841 Apelle
923 2812 964 2831 m·
983 2800 1126 2832 eiusdem
1143 2799 1334 2833 Philumene
1357 2799 1582 2832 Tertullianus
1600 2800 1655 2834 lib.

116 2839 169 2874 De
184 2840 394 2885 Prae-script.
413 2841 551 2874 Haeret.
572 2854 647 2885 cap.
669 2842 700 2875 6.
719 2847 750 2874 et
763 2841 822 2876 30.
863 2843 1020 2888 (Bened.)

205 2885 251 2919 Ca
263 2897 285 2920 1.
303 2886 414 2921 XXV.
433 2907 475 2911 —
502 2888 529 2921 1.
551 2887 773 2930 lsditeserunt
787 2898 807 2920 a
820 2888 938 2923 Taeio.
961 2889 1029 2922 Sed
1045 2888 1140 2924 MSS.
1158 2900 1178 2923 a
1191 2891 1347 2931 Tatiano,
1367 2903 1426 2934 quo
1443 2902 1513 2922 eum
1532 2892 1659 2923 nomine

116 2936 240 2964 veteres
280 2934 410 2965 istorici
426 2932 630 2977 appellant.’'
677 2931 834 2977 (Bened.)
910 2935 943 2968 2.
969 2935 1087 2975 „Editz'
1103 2935 1226 2969 dicant.
1266 2937 1386 2969 Melius
1413 2936 1539 2978 aliquot
1561 2935 1656 2970 MSS.

118 2975 217 3065 ἱὶέὶᾶῒ.
229 2977 337 3066 ἐίῗίεν
350 2979 398 3011 ad
409 2977 650 3023 Epiphaniam,
673 2980 728 3020 qui
741 2978 943 3013 Eae-ratim&
958 2979 1160 3026 ἀπόσπασμα
1175 2981 1335 3015 'ratmot
1350 2983 1435 3014 divit
1445 2983 1479 3013 in
1494 2980 1655 3026 Epirotae.

165 3032 226 3056 ene
253 3047 259 3054 .

207 3065 288 3112 Cap.
306 3067 434 3102 XXVI.
453 3088 495 3094 -
531 3068 557 3101 1.
582 3069 603 3101 I
619 3068 766 3102 Corinth..
786 3069 838 3110 13,
862 3070 894 3105 9.

1683 812 1748 846 Cap.
1768 813 1866 838 XXIV.

1684 1087 1749 1119 Cap.
1770 1088 1851 1112 XXV.

1686 1640 1752 1672 Cap.
1772 1640 1870 1665 xxvi.
