2052 3374
711 218 762 244 DE
781 218 1025 244 nfflnsssmcs.
1559 215 1640 257 305

98 323 273 366 induxit.
325 322 536 375 Christum
565 336 726 378 quoque
756 322 806 364 de
832 324 990 376 virgine
1020 321 1123 364 nihil
1146 321 1328 376 corporis
1349 319 1640 375 assumpsisse,

98 391 171 433 sed
191 405 266 447 per
287 405 379 432 eam
401 393 518 446 quasi
538 405 612 447 per
633 391 815 433 fistulam
835 392 1034 432 transisse
1056 394 1257 431 asserunt.

185 460 248 502 12.
279 459 485 515 Apellitae
507 473 683 514 quorum
702 459 870 514 Apelles
890 461 1085 514 princeps
1107 459 1204 511 suit,
1226 459 1296 513 qui
1318 461 1543 499 creatorem
1565 470 1639 498 an-

97 527 234 582 gelum
254 529 394 570 1108010
417 541 540 583 quem
560 528 784 581 gloriosum
805 528 1028 583 superioris
1057 527 1123 568 dei
1143 528 1301 568 faciens
1320 526 1442 568 deum
1461 525 1641 578 israelis,

97 596 217 638 illum
236 598 403 650 igneum
423 597 650 650 affirmans,
672 596 788 649 dixit,
811 595 1020 637 Christum
1041 609 1124 637 non
1146 595 1269 637 deum
1289 596 1332 636 in
1353 596 1547 648 veritate,
1568 594 1640 636 sed

97 665 309 707 hominem
327 664 372 706 in
391 664 613 720 phantasia
632 665 883 720 apparuisse.

184 733 248 775 13.
279 732 549 775 Archontiaci
569 747 594 774 a
619 732 878 788 principibus
905 732 1186 788 appellantur,
1215 733 1285 786 qui
1312 733 1641 784 universitatem,

98 815 223 857 quam
243 801 344 843 deus
368 801 567 854 condidit,
589 815 713 857 opera
733 815 824 842 esse
841 800 1182 855 archangelorum
1199 800 1440 842 defendunt.

185 869 250 912 14.
281 868 502 912 Adamiani
522 871 658 912 vocati
679 869 787 924 quod
807 869 943 911 Adam
963 871 1177 910 imitentur
1197 869 1449 922 nuditatem,
1469 868 1578 910 unde
1602 871 1644 910 et

98 937 200 980 nudi
221 943 339 980 orant
360 942 402 979 et
420 938 522 979 nudi
543 940 652 979 inter
673 952 716 979 se
737 951 872 979 mares
893 938 1152 992 feminaeque
1175 938 1438 979 conveniunt.

184 1007 248 1048 15.
281 1006 470 1049 cainiani
490 1006 664 1062 proinde
686 1008 746 1048 sic
769 1006 965 1062 appellati
988 1008 1185 1061 quoniam
1206 1005 1307 1047 Cain
1329 1005 1514 1047 adorant.

185 1075 248 1116 16.
280 1074 469 1125 Sethiani
495 1088 649 1116 nomen
679 1079 930 1130 acceperunt
956 1089 981 1116 a
1007 1074 1089 1117 filio
1118 1074 1254 1116 Adam
1282 1076 1352 1129 qui
1377 1079 1550 1116 vocatus
1580 1078 1643 1115 est

99 1142 214 1196 Seth,
237 1143 424 1185 dicentes
445 1143 624 1184 eundem
645 1157 735 1185 esse
758 1143 979 1184 Christum.

185 1212 248 1253 17.
278 1211 672 1254 Melchisedechiani
699 1213 834 1253 vocati
861 1226 934 1267 pro
964 1226 1010 1254 eo
1040 1211 1149 1266 quod
1169 1210 1476 1253 Melchisedech
1504 1225 1640 1252 sacer-

100 1279 239 1322 dotem
260 1279 328 1321 dei
347 1294 430 1322 non
450 1280 662 1322 hominem
683 1280 831 1333 fuisse,
861 1281 933 1322 sed
953 1280 1151 1321 virtutem
1173 1279 1238 1321 dei
1261 1293 1352 1321 esse
1375 1279 1640 1321 arbitrantur.

185 1347 250 1389 18.
280 1348 472 1403 Angeliei
491 1350 627 1390 vocati
648 1350 745 1403 quia
764 1348 931 1402 angelos
954 1348 1105 1390 colunt.

185 1417 251 1458 19.
280 1416 510 1472 Apostolici
528 1416 620 1458 ideo
642 1416 717 1458 hoc
739 1417 819 1458 sibi
840 1431 992 1458 nomen
1013 1421 1401 1472 praesumpserunt,
1423 1419 1519 1471 quia
1539 1418 1644 1459 nihil

99 1485 361 1541 possidentes
382 1486 594 1541 proprium
614 1499 876 1540 nequaquam
896 1486 1105 1541 recipiunt
1131 1499 1199 1528 eos
1229 1486 1298 1540 qui
1324 1486 1480 1541 aliquid
1501 1488 1543 1527 in
1564 1487 1642 1528 1100

98 1553 252 1596 1111111ᾶο
272 1557 458 1595 11111111111.

183 1622 250 1664 20.
282 1622 530 1664 Cerdoniani
551 1636 575 1663 a
595 1621 779 1664 Cerdone
801 1622 980 1677 quodam
1000 1624 1224 1676 nominati,
1247 1624 1316 1677 qui
1338 1622 1416 1665 duo
1437 1625 1644 1679 principia

99 1691 307 1733 contraria
326 1692 514 1732 asseruit.

184 1759 250 1802 21.
281 1759 571 1801 Marcionistae
600 1773 625 1800 a
651 1759 857 1801 Marcione
886 1758 1022 1800 Stoico
1050 1759 1294 1814 philosopho
1323 1760 1541 1816 appellati,
1572 1761 1643 1815 qui

100 1826 298 1869 Cerdonis
319 1827 467 1881 dogma
487 1832 653 1869 secutus
674 1826 848 1868 alterum
870 1827 1038 1879 bonum,
1058 1827 1233 1869 alterum
1253 1830 1408 1870 iustum
1429 1829 1552 1871 deum
1575 1844 1640 1871 as-

100 1897 243 1949 seruit,
262 1900 461 1950 tanquam
481 1895 561 1937 duo
581 1896 787 1950 principia
808 1897 1004 1937 creatoris
1027 1900 1067 1936 et
1089 1896 1297 1938 bonitatis.

184 1964 250 2006 22.
281 1964 532 2018 Artotyritae
554 1963 605 2004 ab
628 1963 834 2004 oblatione
857 1963 969 2005 dicti.
1001 1964 1155 2006 Panem
1173 1967 1283 2006 enim
1302 1970 1343 2006 et
1359 1980 1525 2008 caseum
1542 1967 1641 2008 offe-

100 2037 198 2074 runt
217 2032 402 2074 dicentes
423 2031 567 2086 primis
589 2031 825 2073 hominibus
847 2031 1096 2074 oblationem
1123 2047 1148 2074 a
1174 2033 1375 2076 fructibus
1402 2039 1536 2077 terrae
1559 2040 1599 2076 et
1619 2049 1644 2076 a

101 2100 304 2142 fructibus
324 2101 464 2142 ovium
484 2100 611 2141 fuisse
633 2099 894 2141 celebratam.

185 2168 251 2209 23.
282 2169 452 2222 Aquarii
473 2167 670 2223 appellati
699 2181 745 2210 00
775 2168 882 2223 quod
910 2182 1059 2224 aquam
1088 2169 1218 2212 solam
1246 2171 1423 2213 offerunt
1447 2172 1490 2213 in
1513 2171 1640 2214 calice

102 2238 364 2278 sacramenti.

186 2304 251 2346 24.
283 2303 511 2357 Severiani,
532 2318 556 2345 a
576 2303 729 2347 Severo
751 2305 895 2358 exorti,
915 2306 1057 2347 vinum
1078 2321 1162 2349 non
1183 2307 1352 2362 bibunt,
1372 2312 1491 2351 vetus
1512 2314 1640 2351 testa-

102 2377 290 2414 mentum
311 2377 352 2414 et
372 2374 717 2414 resurrectionem
737 2387 820 2414 non
841 2375 1057 2429 recipiunt.

187 2440 254 2482 25.
286 2440 451 2482 Tatiani
471 2454 496 2482 a
516 2441 688 2483 Tatiano
711 2441 888 2495 quodam
917 2444 1071 2496 vocati,
1101 2445 1172 2498 qui
1202 2448 1244 2485 et
1262 2444 1498 2487 Encratitae
1527 2446 1642 2500 dicti,

105 2510 201 2564 quia
221 2523 365 2550 carnes
386 2509 686 2551 abominantur.

188 2578 255 2619 26.
283 2577 404 2632 Alogi
430 2581 629 2619 vocantur
656 2581 853 2632 tanquam
879 2579 968 2619 sine
997 2579 1134 2620 verbo.
1186 2578 1322 2637 Λόγος
1349 2583 1460 2623 0111111
1489 2573 1641 2625 Graece

104 2645 277 2688 verbum
297 2645 458 2687 dicitur.
488 2645 622 2686 Deum
642 2647 753 2686 enim
768 2645 940 2688 verbum
955 2661 1039 2689 non
1056 2646 1242 2700 credunt,
1262 2654 1505 2703 respuentes
1520 2651 1640 2693 Ioan-

6 2732 8 2748 ι
43 2756 46 2757 ⁷
106 2714 171 2755 nis
192 2713 453 2768 evangelium
474 2718 516 2754 et
534 2713 839 2768 Apocalypsim.

190 2781 256 2823 27.
287 2781 557 2838 Cataphrygis
579 2795 728 2822 nomen
749 2783 957 2836 provincia
976 2783 1154 2836 Phrygia
1175 2782 1302 2835 dedit,
1324 2786 1419 2839 quia
1434 2785 1489 2827 ibi
1514 2789 1640 2828 exsti-

107 2853 247 2891 terunt
265 2854 453 2892 auctores
474 2863 615 2891 eorum
634 2849 868 2903 Montanus,
888 2850 1030 2892 Prisca
1058 2856 1099 2891 et
1117 2851 1355 2893 Maximilla.
1405 2854 1457 2894 Hi
1484 2854 1639 2897 adven-

108 2921 196 2959 tum
215 2919 385 2973 spiritus
405 2919 539 2960 sancti
559 2931 640 2959 non
662 2918 705 2958 in
725 2917 936 2972 apostolis,
958 2918 1030 2959 sed
1052 2920 1094 2959 in
1116 2932 1159 2960 se
1181 2920 1377 2962 traditum
1400 2928 1602 2964 asserunt.

192 2985 258 3028 28.
290 2985 456 3028 Cathari
476 2990 643 3041 propter
663 2985 906 3027 munditiam
927 2988 986 3027 ita
1006 3000 1049 3027 se
1071 2988 1398 3030 nominaverunt.
1451 2991 1638 3034 Glorian-

110 3056 172 3094 tes
193 3055 303 3096 enim
325 3054 376 3097 de
397 3055 482 3096 suis
503 3054 661 3097 meritis
682 3058 834 3108 negant
854 3054 1160 3109 paenitentibus
1180 3058 1343 3099 veniam
1363 3063 1641 3115 peccatorum,

1331 3123 1375 3157 ⁴20
