2052 3342
381 203 461 244 386

380 303 592 337 Lonibardus
610 302 667 335 lib.
687 301 716 334 ἱ).
735 301 882 334 distinct.
900 301 939 334 V.
975 300 1135 334 Baeticus
1153 300 1194 334 (Ie
1216 300 1293 335 fide.
1320 300 1468 345 Cyrillus
1493 301 1744 335 Alexandrinus
1766 300 1806 334 de
1823 311 1850 334 s.
1866 300 1924 335 tri-

382 350 486 382 nitate
505 359 576 391 cap.
596 346 634 379 II.
667 347 811 390 l'yrillns
839 347 1063 390 llierosolym.
1082 347 1115 379 in
1134 346 1164 381 2.
1183 345 1352 380 catechesi
1375 347 1556 380 illuminat.
1571 346 1630 381 fol.
1650 347 1700 382 12.

448 394 526 426 I’ost
546 394 677 436 lapsum
697 393 741 424 ita
760 392 951 425 confirmati
969 397 1049 425 sunt
1066 392 1196 435 angeli]
1222 391 1316 425 Beda
1332 392 1367 425 in
1381 392 1639 437 quaestionibus
1655 403 1758 438 super
1772 391 1923 426 Genesin

380 439 437 472 sol.
460 438 530 471 122.
548 449 590 470 ex
612 438 793 478 Gregorio:
827 438 924 470 Talm-
941 440 1052 470 create‘
1067 445 1142 470 snut
1158 438 1287 480 ‹myeli‚
1311 444 1345 470 ut
1367 441 1398 470 ,ςί
1416 438 1534 471 vellent
1553 440 1590 471 in
1613 438 1831 472 beatitudinis
1852 438 1924 470 euve

376 487 606 528 ])1·1·se‘x!w·e⁶11!‚
626 486 656 514 si
673 489 779 515 (tutem
799 484 932 518 nollem,
948 487 1047 515 etiam
1067 483 1138 515 labi
1150 486 1343 527 potuissent.
1389 482 1481 516 Unde
1498 489 1531 516 et
1543 482 1653 517 Satan
1677 495 1749 517 cum
1772 485 1924 528 sequaci-

381 531 437 561 !m-s·
455 530 636 572 sessionibus
654 530 785 561 ce‹·1‹1'1'!.
810 528 878 561 Sed
890 535 965 573 post
981 531 1050 561 eius
1066 529 1100 561 la
1117 540 1196 561 mum
1215 532 1263 561 ita
1282 529 1471 572 confirmati
1485 534 1562 561 sunt
1576 529 1689 572 anqelt'
1721 532 1757 562 ui
1767 531 1924 574 perstite-

379 581 467 608 rant.
486 581 519 606 ut
536 576 659 606 cadere
676 577 804 606 ωηιιιιίιω
823 587 883 605 non
896 577 1035 618 passini.
1076 574 1100 606 P
1128 574 1163 607 ili
1178 585 1253 618 ›pus
1270 574 1450 618 presbyter
1473 573 1508 607 in
1524 573 1594 607 Iob.
1619 583 1693 619 cap.
1728 574 1767 609 V.
1793 573 1852 608 fol.
1873 572 1924 608 13.

448 621 529 664 Cap.
549 619 668 653 LXIII.
688 639 729 643 -—
755 619 871 652 Bonae
889 624 970 652 sunt
987 620 1143 664 nuptiae]
1167 585 1221 652 1Ex
1238 619 1420 652 traditione
1438 619 1501 660 dei,
1521 619 1578 663 qui
1595 619 1672 653 illas
1687 620 1723 653 in
1762 618 1924 653 rimordio

380 665 561 698 creationis
580 665 765 697 connexuit
784 665 863 697 fidei
880 665 1035 704 vinculo,
1061 664 1267 707 gratificavit
1290 664 1536 698 benedictionis
1554 664 1662 706 dono,
1685 664 1926 710 mutiplicavit

380 711 637 755 propagationis
657 715 855 751 augmento.
895 710 1098 753 Fulgentius
1124 710 1165 743 ad
1183 710 1327 743 Probum
1347 710 1387 743 de
1404 710 1600 754 virginitate
1625 710 1723 755 epist.
1739 710 1771 744 3.
1794 709 1853 744 fol.
1871 709 1925 742 77.

381 758 504 788 (lenos.
524 756 546 790 I.
565 757 700 788 Martial
719 756 868 801 episcop.
887 756 1141 789 Lcmovicensis
1160 756 1193 789 in
1211 756 1309 800 epist.
1327 755 1369 788 ad
1383 756 1573 789 Tolosanos
1590 765 1664 800 cap.
1677 754 1739 789 IX.
1762 755 1923 789 Ambros.

378 803 412 834 in
432 802 558 834 Lucani
584 802 640 835 iil).
662 801 683 835 I.
710 814 737 834 c.
756 802 779 836 I.
820 800 964 835 Arethas
989 802 1021 834 in
1049 802 1244 846 apocalyps.
1269 812 1297 835 c.
1316 801 1484 834 XXXIX.
1525 800 1673 844 Cyrillus
1697 801 1924 845 Hierosolym.

379 848 538 891 κατηχγζς.
559 847 586 879 δ.
608 846 835 891 φωτιζομὲνων
854 845 884 879 ἐν
902 846 1141 891 Ἱεροσολύμοις
1160 857 1238 892 pag.
1257 847 1307 879 22.
1336 847 1444 880 Autor
1467 846 1507 879 de
1525 846 1590 880 side
1607 845 1649 879 ad
1666 845 1804 880 Petrum
1822 857 1850 880 c.
1867 845 1924 879 III.

379 893 466 936 apud
484 893 665 934 Aug-rusum.
680 898 761 926 toni.
778 892 832 927 lII.
856 892 1085 925 Tertullianus
1100 892 1261 925 adversus
1275 892 1485 925 Marcionem
1499 892 1556 925 lib.
1570 891 1594 926 Ι.
1608 902 1635 926 c.
1648 891 1783 926 XXIX.
1805 891 1925 926 Hiero-

379 950 502 982 nymus
517 939 559 971 ad
574 939 749 971 salvinam
763 939 860 989 epist.
876 938 935 972 IX.
951 938 1112 971 adversus
1127 938 1341 971 Iovinianuni
1356 938 1414 972 lib.
1430 937 1453 970 l.
1468 949 1496 972 c.
1507 935 1530 970 I.
1556 937 1792 971 Damascenus
1805 936 1846 970 de
1858 936 1925 970 fide

378 983 557 1018 ortliodox.
575 984 630 1016 lib.
647 984 701 1018 IV.
718 996 745 1018 c.
762 984 872 1016 XXV.
890 983 1038 1017 Isidorus
1053 983 1092 1016 de
1107 983 1229 1016 ofliciis
1243 984 1429 1016 ecclesiast.
1443 982 1550 1018 lil›.II.
1565 981 1734 1017 c.XXIII.
1750 982 1924 1016 Maximus

377 1030 597 1063 'l‘anrinensis
617 1030 718 1074 episc.
738 1028 853 1062 homil.
869 1029 891 1062 I.
911 1030 946 1062 in
963 1028 1122 1073 epiphan.
1141 1029 1288 1062 Domini.
1303 1028 1445 1062 Iunilius
1459 1028 1561 1073 episc.
1575 1029 1610 1062 in
1625 1027 1786 1063 Genesin.
1799 1027 1858 1061 fol.
1871 1026 1925 1061 36.

378 1082 409 1106 ct
428 1077 480 1107 252».
522 1074 754 1107 'l‘lieodoretus
772 1075 915 1109 divitior.
935 1074 1058 1107 decret.
1078 1075 1225 1119 epitome
1242 1075 1299 1107 fol.
1317 1074 1394 1108 413.
1437 1074 1650 1117 Augustinus
1667 1073 1708 1107 de
1725 1073 1924 1106 adulterinis

378 1121 548 1162 coniugiis
568 1121 627 1155 lib.
649 1120 686 1153 lI.
705 1132 777 1164 cap.
797 1120 872 1154 XII.
893 1120 934 1152 ad
953 1121 1186 1153 Coelestinum
1205 1120 1244 1152 de
1261 1124 1403 1164 peccato
1423 1119 1590 1164 origenali
1606 1119 1664 1154 lib.
1683 1118 1724 1152 II.
1749 1129 1778 1152 c.
1794 1117 1925 1153 XXIII.

377 1172 409 1198 et
429 1171 582 1210 sequent.
625 1165 833 1198 Athanasius
851 1170 969 1198 contra
987 1176 1104 1199 omnes
1124 1164 1279 1198 haereses
1296 1170 1378 1199 tom.
1399 1165 1421 1198 I.
1439 1166 1496 1198 fol.
1515 1164 1591 1198 853.
1615 1164 1678 1209 Epi
1704 1163 1828 1198 hanins
1844 1162 1925 1197 hae-

378 1223 441 1244 res.
462 1211 564 1244 LXII.
583 1216 615 1244 ct
634 1211 768 1244 Lxx'n.
808 1211 928 1244 Petrus
947 1211 1159 1244 Lonibardus
1177 1215 1322 1244 sentent.
1340 1211 1397 1244 lib.
1416 1210 1472 1244 1v.
1490 1210 1638 1245 distinct.
1696 1209 1789 1245 XVI.
1829 1209 1927 1248 Quod

378 1270 430 1289 res
448 1258 532 1289 lwtm
551 1260 594 1289 si!
612 1260 797 1300 ωηιίιφίυηι
817 1269 878 1288 nnn
897 1258 990 1289 morlo
1009 1269 1047 1289 ex
1065 1270 1098 1289 eo
1112 1257 1295 1300 probatur,
1319 1258 1406 1300 quod
1433 1257 1583 1289 dominus
1607 1257 1728 1299 leyitur
1743 1257 1925 1289 instituisse

378 1306 563 1345 eom'nyium
585 1306 669 1335 inter
683 1305 811 1346 primo-s·
824 1310 1003 1346 parentes.-
1026 1304 1086 1335 sed
1108 1305 1209 1335 etlam
1233 1303 1320 1346 quod
1339 1304 1375 1334 in
1393 1301 1490 1335 Cana
1510 1302 1667 1335 Galileae
1683 1313 1725 1333 nu
1753 1303 1808 1334 tiis
1822 1303 1924 1334 inter-

367 1351 440 1391 fuit
458 1348 620 1384 Fla-istas.
640 1361 759 1391 erisque
778 1349 940 1379 mil-uculo
959 1349 1209 1387 commendarit,
1230 1360 1319 1392 aqua
1336 1350 1369 1380 in
1389 1351 1497 1380 vinum
1515 1358 1687 1380 conversa.
1746 1345 1925 1380 tdistinct.

375 1393 492 1428 XXX.
521 1393 717 1437 Esrjinalix
742 1406 848 1425 eausa
875 1396 1080 1426 ''mtrimonit'
1101 1393 1323 1426 emitralieuclz'
1339 1395 1534 1437 procreatio
1554 1393 1682 1437 prolis,
1699 1398 1841 1437 propter
1864 1391 1926 1424 hoc

376 1442 457 1471 enim
478 1442 617 1472 intuitui!
635 1441 714 1471 deus
731 1441 917 1481 coniuyz'nm
937 1442 1023 1471 inter
1035 1442 1164 1483 primos
1176 1445 1347 1483 parente-9,
1364 1439 1480 1482 quibus
1496 1439 1597 1472 dixit.-
1615 1440 1755 1471 (ὲν-680188
1772 1444 1804 1471 et
1817 1437 1925 1470 multi-

369 1486 562 1528 pla-anesus.
588 1486 743 1517 Ser-uma
762 1492 810 1517 est
820 1492 897 1528 pos!
909 1491 1087 1528 peccatum
1106 1485 1208 1517 Adue
1227 1486 1343 1517 citatio
1352 1485 1609 1527 fornicationis,
1626 1484 1714 1516 unde
1731 1485 1816 1516 aita
1841 1489 1925 1516 osto-

375 1531 443 1563 lus:
458 1538 598 1575 propter
606 1533 871 1574 seminationem
890 1533 1107 1574 unusquisque
1124 1530 1249 1563 lrabeat
1260 1542 1393 1562 uxorem
1408 1541 1513 1571 suam,
1531 1536 1563 1563 et
1573 1539 1790 1574 unaquaeque
1827 1528 1927 1562 abeat

373 1589 478 1609 vtrlllll
496 1588 598 1609 surim.

443 1621 522 1666 Cap.
542 1621 662 1655 LXIV.
679 1642 722 1646 —
761 1621 884 1655 Melior
909 1624 961 1654 est
985 1620 1211 1665 continentia]
1252 1619 1470 1654 Bernhardus
1495 1619 1536 1654 de
1555 1619 1657 1654 modo
1679 1619 1766 1654 bene
1789 1618 1926 1653 vivendi

374 1678 475 1701 serni.
494 1667 609 1701 XXII.
627 1667 684 1701 fol.
707 1666 803 1700 1268.
847 1667 943 1699 Bona
969 1674 1016 1699 est
1038 1670 1182 1700 castitas
1207 1667 1412 1710 coniaqalts,
1435 1667 1496 1699 sed
1517 1669 1635 1699 melior
1658 1671 1707 1699 est
1722 1667 1925 1699 continentia

374 1714 534 1751 vidualis,
552 1716 676 1757 optima
697 1726 772 1745 ret-o
792 1715 969 1755 inteym'tas
988 1713 1178 1754 rirqinalc's.
1221 1711 1293 1745 Vid.
1318 1712 1426 1745 Autor
1450 1711 1491 1745 de
1508 1711 1720 1745 continentia.
1742 1709 1834 1756 apud
1855 1710 1924 1744 Au-

374 1759 502 1802 gustin.
523 1764 606 1791 toni.
624 1758 679 1791 lv.
697 1758 755 1791 fol.
776 1757 850 1791 703.
869 1762 903 1791 et
920 1768 991 1802 seq.
1030 1758 1261 1801 Hieronymus
1284 1757 1319 1790 in
1337 1757 1436 1802 epist.
1452 1757 1550 1791 Pauli
1572 1757 1617 1791 ad
1634 1756 1776 1792 Galatas
1792 1756 1852 1791 lib.
1868 1755 1925 1791 IV.

375 1815 448 1849 cap.
467 1805 506 1837 V.
549 1803 641 1837 Beda
660 1808 743 1837 tom.
763 1803 833 1837 VII.
857 1802 975 1838 homil.
1000 1802 1137 1838 hiemal.
1155 1803 1195 1836 de
1212 1807 1366 1848 tempore
1383 1802 1440 1837 fol.
1459 1802 1535 1836 285.

443 1849 523 1894 Cap.
541 1850 643 1883 LXV.
662 1870 704 1874 —
742 1849 930 1893 Virginitas
949 1853 1094 1893 utroque
1111 1849 1202 1882 bono
1244 1848 1425 1882 raecelsior
1442 1847 1507 1894 est]
1549 1847 1584 1882 S.
1600 1847 1738 1890 Paulus,
1755 1850 1790 1882 et
1805 1858 1923 1882 omnes

373 1901 488 1941 patres
508 1895 662 1928 unanimi
679 1905 851 1928 consensu
876 1895 1110 1939 virginitatem
1128 1860 1325 1939 praedirum
1340 1894 1479 1939 nuptiis.
1518 1893 1647 1928 Paulus
1670 1893 1714 1928 ad
1729 1891 1882 1928 Corinth.
1898 1892 1924 1926 I.

374 1951 449 1985 cap.
471 1940 541 1973 VII.
582 1939 849 1984 Chrysostomus
867 1944 950 1973 tom.
968 1940 991 1973 I.
1011 1940 1050 1973 de
1067 1940 1181 1973 verbis
1199 1940 1332 1981 Esaiae,
1359 1939 1439 1973 Vidi
1455 1939 1632 1973 Dominum
1649 1942 1712 1973 etc.
1730 1937 1848 1973 homil.
1865 1937 1923 1972 111.

374 1986 432 2019 fol.
454 1986 547 2019 1294.
590 1986 718 2019 Bonam
743 1992 791 2018 est
815 1989 1018 2029 εὀιιίιιφίινη,
1043 1987 1103 2018 sed
1125 1987 1242 2019 melior
1266 1991 1313 2018 est
1338 1987 1536 2029 vz'rqinz'ta85
1561 1996 1621 2019 nec
1637 1987 1793 2030 quoniam
1808 1985 1925 2018 melior

373 2034 566 2075 virginitas,
584 2033 658 2064 ideo
678 2033 796 2063 malum
817 2039 864 2064 est
881 2034 1078 2074 conz'uqt'um,
1096 2033 1156 2064 sed
1172 2032 1258 2065 illud
1273 2032 1401 2075 quidem
1418 2033 1572 2075 inferia-9,
1597 2031 1746 2075 alioquin
1762 2030 1877 2064 bonum
1894 2036 1927 2064 et

374 2080 492 2121 ipsam.
533 2076 575 2109 Et
598 2077 638 2109 de
661 2077 786 2120 xirgin.
812 2081 894 2110 tom.
915 2077 952 2110 V.
978 2088 1016 2110 ca
1045 2103 1052 2110 .
1075 2076 1136 2110 XI.
1177 2076 1411 2110 Damascenus
1429 2076 1470 2110 de
1494 2075 1562 2110 fide
1586 2075 1766 2111 orthodox.
1790 2075 1849 2110 lib.
1866 2074 1922 2109 IV.

374 2133 446 2167 cap.
464 2122 576 2156 XXV.
602 2122 794 2166 Cyprianus
812 2122 851 2155 de
870 2122 1001 2155 nativit.
1021 2088 1146 2155 IChristi
1162 2122 1219 2155 fol.
1233 2122 1310 2157 405.
1336 2122 1566 2166 Hieronymus
1580 2121 1744 2156 adversus
1756 2120 1923 2155 Iovinian.

373 2168 431 2201 lib.
451 2168 474 2201 I.
493 2178 566 2212 cap.
585 2168 608 2201 I.
650 2168 881 2201 Tertullianus
906 2168 1069 2201 adversus
1093 2168 1304 2201 Marcionem
1322 2168 1379 2201 lib.
1404 2167 1444 2201 V.
1468 2178 1541 2213 cap.
1558 2167 1634 2201 XV.
1670 2167 1822 2201 Isidorus
1846 2177 1923 2200 sen·

374 2218 455 2246 tent.
474 2214 531 2248 lib.
549 2213 589 2246 II.
615 2223 689 2257 cap.
706 2210 830 2246 XVIII.
850 2217 881 2245 et
898 2213 971 2246 XL.
1012 2213 1214 2257 Fulgentius
1241 2213 1281 2246 de
1307 2213 1512 2257 virginitate
1536 2213 1579 2246 ad
1599 2212 1748 2247 Probam
1770 2212 1868 2257 epist.
1890 2211 1922 2245 3.

376 2258 544 2292 Gaudent.
561 2263 694 2292 tractat.
713 2258 799 2292 VIII.
816 2258 875 2292 fol.
896 2259 948 2293 ΤΟ.
990 2258 1150 2293 Nazianz.
1177 2259 1217 2292 de
1239 2258 1341 2292 laude
1364 2259 1517 2303 virginit.
1540 2261 1574 2292 et
1597 2262 1682 2293 orat.
1699 2258 1782 2292 XX.
1798 2258 1834 2291 in
1850 2257 1922 2291 lau-

374 2304 451 2337 dem
469 2304 587 2337 Basilii
605 2304 735 2347 Magni.
775 2303 940 2337 Athanas.
967 2304 1008 2336 ad
1034 2306 1191 2339 Ammon.
1208 2303 1428 2339 Monachum.
1453 2308 1536 2338 tom.
1554 2303 1583 2338 2.
1600 2303 1660 2338 fol.
1677 2303 1732 2339 43.
1770 2302 1922 2337 Isidorus

371 2349 547 2383 Pelusiota
564 2350 697 2394 epistol.
715 2349 772 2382 lib.
791 2349 821 2382 2.
842 2350 940 2394 epist.
960 2349 1151 2383 CXXXIII.
1170 2350 1268 2394 epist.
1287 2349 1458 2384 CCCLIII.
1474 2350 1534 2383 lib.
1550 2349 1583 2382 4.
1600 2349 1699 2394 epist.
1717 2347 1820 2383 CXV.
1845 2347 1922 2382 Sul-

372 2396 478 2439 pitius
502 2395 649 2428 Severus
673 2395 731 2428 lib.
750 2394 779 2427 2.
805 2394 845 2427 de
870 2395 940 2427 vita
963 2395 1113 2429 Martini.
1155 2395 1373 2439 Rescriptum
1398 2395 1512 2440 episco
1541 2406 1639 2428 orum
1660 2394 1857 2428 Telensium
1878 2392 1921 2426 ad

374 2441 543 2484 Syr-icium
557 2440 619 2474 ΡΡ.
638 2445 720 2474 tom.
741 2440 765 2474 I.
792 2439 920 2473 Concil.
937 2440 996 2473 fol.
1013 2440 1089 2473 422.
1123 2441 1326 2474 Ambrosius
1343 2441 1442 2485 epist.
1459 2440 1503 2474 VI
1524 2467 1531 2474 .
1547 2440 1606 2474 fol.
1626 2439 1700 2474 185.
1717 2443 1751 2474 et
1766 2441 1920 2484 sequent.

373 2486 516 2519 Iunilius
534 2486 681 2531 episcop.
699 2485 881 2519 Africanus
904 2486 941 2519 111
966 2485 1117 2520 Genesin
1139 2486 1199 2521 fol.
1218 2486 1272 2520 39.
1314 2485 1528 2531 Epiphanius
1551 2489 1672 2520 contra
1694 2484 1920 2530 Origenianos

373 2531 504 2566 haeres,
522 2531 643 2565 LXIII.

441 2576 523 2622 Cap.
540 2576 660 2610 LXVI.
678 2597 721 2601 —
755 2576 894 2610 Bonum
911 2580 963 2610 est
979 2577 1093 2610 cibum
1111 2588 1190 2610 cum
1207 2577 1397 2622 gratiarum
1413 2577 1549 2611 actione
1565 2576 1716 2619 sumere]
1742 2574 1794 2609 De
1809 2575 1920 2619 gratia

372 2627 452 2668 post
469 2624 582 2656 cibum
600 2623 661 2656 deo
687 2622 839 2666 agenda,
862 2622 1041 2655 homiliam
1062 2623 1200 2667 scripsit
1221 2623 1397 2656 Maximus
1420 2623 1642 2656 Taurinensis
1667 2621 1859 2666 episcopus,
1882 2623 1920 2654 ut

372 2673 469 2701 notat
487 2668 685 2701 Gennadius
703 2668 744 2701 de
761 2668 842 2701 viris
859 2668 1060 2701 illustribus.
1102 2668 1169 2702 Sed
1194 2672 1227 2702 et
1243 2673 1321 2702 ante
1346 2668 1462 2702 cibum
1478 2672 1611 2702 veteres
1629 2666 1840 2701 Christianos
1858 2676 1918 2699 no-

370 2725 450 2747 men
465 2714 594 2747 domini
610 2715 802 2755 invocasse,
820 2717 853 2747 et
866 2714 981 2747 cibum
998 2719 1187 2759 potumque
1207 2714 1308 2758 signo
1328 2714 1439 2747 crucis
1453 2714 1624 2758 signasse,
1636 2711 1802 2756 Origenes
1815 2710 1920 2744 tradit

372 2759 430 2793 lib,
449 2759 479 2792 3.
497 2760 532 2792 in
549 2759 619 2793 Iob.
636 2759 694 2792 fol.
712 2759 788 2792 ⁴270.
827 2759 866 2792 Sa·
883 2772 954 2792 cum
972 2761 1213 2792 manducamus
1230 2765 1262 2792 et
1277 2760 1508 2804 bibimusfidei
1522 2769 1678 2792 memores
1683 2758 1863 2801 fuerimus,
1889 2763 1922 2790 et

374 2805 522 2837 terribile
540 2817 652 2838 nomen
670 2806 795 2838 domini
809 2808 1090 2845 invocaverimus,
1116 2807 1147 2838 si
1170 2807 1384 2849 nosmetipsos
1407 2811 1438 2837 et
1459 2805 1566 2838 eibum
1582 2804 1635 2836 vel
1641 2808 1758 2846 potum
1774 2807 1918 2835 nostrum

372 2852 466 2893 siquo
485 2851 686 2883 venerabilis
702 2852 814 2882 crucis
831 2849 959 2884 Christi
973 2853 1229 2894 είφιαυενίννιῑιδ,
1246 2853 1278 2883 si
1294 2851 1343 2883 ad
1358 2850 1487 2883 caelum
1503 2849 1613 2882 oculos
1627 2853 1758 2881 nostros
1770 2847 1918 2880 levantes

375 2896 542 2928 dicamus.-
561 2898 617 2939 qui
633 2896 696 2928 das
713 2906 823 2927 escam
840 2900 927 2928 omni
944 2898 1060 2935 carni,
1086 2896 1132 2928 da
1150 2898 1250 2929 etiam
1267 2896 1360 2928 nobis
1377 2907 1450 2928 cum
1467 2894 1690 2928 benedictione
1705 2891 1793 2925 laune
1810 2892 1918 2932 cibum

373 2951 498 2973 sumere
516 2944 578 2974 etc.
604 2939 756 2973 Observo
775 2950 911 2984 quoque
934 2940 1024 2986 apud
1048 2939 1260 2974 Clementem
1284 2940 1474 2985 baptisatos
1497 2949 1568 2972 non
1588 2936 1814 2983 manducasse
1837 2948 1917 2972 cum

372 2984 486 3018 illotis.
511 2986 564 3019 lta
580 2986 672 3019 enim
687 2985 746 3018 lib.
759 2984 784 3018 Ι.
802 2987 966 3029 recognit.
984 2985 1044 3020 fol.
1063 2986 1114 3019 10.
1131 2986 1260 3030 inquit:
1287 2985 1368 3018 Cum
1389 2985 1474 3018 llaec
1492 2984 1646 3024 dixisset,
1667 2985 1806 3017 secessit
1817 2990 1856 3018 ut
1869 2986 1916 3018 ci-

374 3029 445 3062 bum
464 3038 601 3075 caperet
615 3043 687 3064 cum
702 3033 789 3070 8211'85
805 3042 855 3063 me
872 3037 980 3064 autem
997 3033 1134 3065 seorsim.
1151 3033 1241 3065 vesci
1255 3034 1361 3065 iussit.
1401 3030 1450 3063 Et
1461 3035 1540 3074 post
1563 3028 1671 3062 cibum
1694 3040 1767 3062 cum
1783 3029 1916 3064 laudem
