2052 3342
349 197 430 238 380

349 299 468 332 storiis.
494 297 567 331 Vid.
585 295 794 341 Epiphanius
811 294 941 328 haeres,
955 294 1083 328 XXVI.
1109 294 1292 337 Augustin.
1311 292 1441 327 haeres.
1455 293 1512 327 VI.
1534 293 1736 328 philastrius
1760 293 1891 329 haeres.

349 343 488 377 LXXII.
522 342 748 375 oecumenius
773 341 804 373 in
829 340 1009 384 epistolam
1034 339 1135 372 Iudae
1160 350 1232 383 cap.
1248 339 1272 371 I.
1298 337 1563 372 Cod.T11e0dos.
1587 340 1628 373 de
1652 339 1831 373 haereticis
1849 339 1887 374 L.

350 390 452 423 LXV.
477 388 700 419 Ιίυνὸωᾞιηυα·
718 398 775 417 οὓς
794 391 901 418 vocat.

416 433 612 471 Boiiosiani,
631 431 858 472 Montanitae]
884 431 1097 463 Honosianos
1116 434 1146 463 et
1164 430 1375 463 Moutanitas
1401 441 1469 463 non
1491 430 1708 482 rebaptizari,
1733 430 1791 464 sed
1814 434 1893 475 post

349 479 575 512 abiectionem
595 477 689 520 pravi
707 482 737 509 et
756 477 1006 509 confessionem
1032 476 1111 508 recti
1136 475 1306 519 dogmatis
1331 476 1405 508 sola
1427 486 1551 508 manus
1575 476 1792 520 impositione
1838 487 1892 509 ur-

349 525 421 567 gari
438 524 575 556 tradunt
594 523 745 566 Syria-ius
758 522 818 556 l‘l‘.
835 521 858 554 1.
877 522 1020 565 epistola
1039 521 1078 553 ad
1097 521 1316 553 Victoricium
1335 521 1437 564 episc.
1456 525 1538 554 toni.
1555 520 1578 554 I.
1597 520 1724 555 Concil.
1741 521 1799 555 fol.
1836 520 1889 554 56.

348 575 379 602 ct
398 570 523 601 Concil.
543 569 737 600 Arelatcnse
756 567 794 600 II.
813 578 885 612 cap.
902 566 1007 600 XVII.
1039 565 1237 599 Timotheus
1256 567 1434 610 presbyter
1450 577 1547 605 vero,
1572 565 1628 599 Ius
1647 565 1892 599 Graeco-Rom.

347 620 427 647 tom.
444 614 465 648 I.
486 614 541 647 fol.
557 614 631 646 37⁸.
650 619 680 645 et
699 612 847 646 Thomas
866 613 905 645 ‹Ic
921 612 1053 656 Aquino
1069 616 1152 656 part.
1168 612 1198 645 ὅ.
1218 623 1305 644 sum.
1321 616 1450 655 quaest.
1464 610 1585 644 LXVI.
1602 612 1730 645 articul.
1748 611 1808 645 IX.
1826 611 1893 645 Bo-

348 661 507 693 nosianos
526 665 556 691 et
575 659 783 692 Montanitas
803 658 887 690 inter
905 658 980 690 illos
998 661 1141 701 ponunt,
1159 657 1215 700 qui
1234 657 1499 701 rebaptizantur.
1540 656 1678 690 Illorum
1703 657 1893 690 sententiae

347 699 473 738 acci-(Iit
494 705 679 747 (ircgsirius
696 705 844 747 Magnus
863 704 958 748 epist.
977 703 1034 736 lib.
1052 702 1111 735 IX.
1129 703 1226 746 epist.
1243 702 1330 736 LXI.
1350 702 1391 734 ad
1409 701 1589 742 Quirinum
1607 702 1709 747 episc.
1726 702 1783 736 fol.
1798 702 1891 736 1087.

348 752 533 790 Ham-elici,
551 753 607 794 ιμιί
623 753 654 782 1'11
674 752 836 781 trinitatis-
854 751 979 781 nomine
998 750 1127 780 'nimime
1145 749 1370 791 haptiuzutur,
1388 750 1475 779 sicut
1489 753 1564 779 mint
1582 747 1766 781 Bonosiani
1781 753 1813 780 et
1829 748 1892 781 Ca-

350 796 539 840 tazpleryycw
557 802 587 828 et
603 796 666 827 <dis
684 796 784 835 tales,
811 808 881 826 cum
901 796 948 826 ml
964 799 1114 826 sanctum
1134 793 1308 825 ecclesiam
1329 795 1470 832 veniunt,
1488 793 1720 837 baptizantur,
1739 795 1818 838 quia
1835 794 1892 826 ba-

344 845 496 886 pti-smum
516 844 673 885 nonfuit,
699 842 785 884 «laod
802 843 833 872 in
853 853 966 872 errore
980 841 1100 883 positi,
1125 841 1157 871 ιή
1181 844 1322 871 sanetae
1348 841 1511 871 trinitatis
1529 840 1655 872 nomine
1674 841 1802 872 minime
1815 850 1893 883 per-

348 902 383 919 σν
399 893 513 919 rerunt.

382 901 396 931 l
417 932 616 974 Bonosiani]
639 931 681 964 lli
699 930 869 964 Christum
889 930 988 963 deum
1006 941 1049 962 ex
1067 930 1172 974 patris
1190 929 1385 962 substantia
1402 933 1484 961 ante
1497 929 1612 962 secula
1628 931 1773 973 negant,
1797 929 1894 962 illum

347 978 455 1011 filium
473 978 525 1010 dei
543 977 751 1022 adoptivum.
771 988 838 1009 non
857 976 1031 1020 propritim
1049 975 1255 1009 miserentes.
1274 974 1445 1007 Honorius
1463 973 1605 1007 haeresi.
1619 973 1771 1009 LXVIII.
1791 974 1893 1008 Inno-

347 1024 479 1056 centius
497 1023 557 1056 I’I'.
580 1023 606 1055 1.
624 1023 721 1066 epist.
741 1022 818 1054 XX.
837 1022 878 1054 ad
896 1021 1119 1054 Laurentium
1143 1021 1294 1065 episcop.
1312 1025 1394 1054 tom.
1409 1019 1432 1053 I.
1451 1020 1571 1053 concil.
1585 1020 1644 1054 fol.
1659 1019 1736 1054 464.
1764 1018 1893 1065 Grego-

347 1070 416 1102 rius
434 1069 583 1111 Magnus
603 1068 700 1112 epist.
721 1068 775 1100 lib.
792 1067 851 1100 IX.
869 1067 966 1110 epist.
982 1066 1070 1100 LXI.

413 1112 640 1156 Montanitae]
668 1113 791 1145 Dicunt
809 1113 966 1157 spiritum
984 1115 1157 1151 sanctum,
1176 1122 1276 1155 quem
1296 1111 1329 1143 in
1348 1111 1527 1154 evangelio
1546 1109 1700 1144 Christus
1718 1110 1893 1155 discipulis

347 1160 416 1193 suis
435 1160 600 1204 promisit,
618 1159 651 1192 in
670 1159 834 1191 Montano
853 1163 883 1190 et
899 1157 1052 1190 Priscilla
1070 1157 1249 1190 redditum.
1277 1156 1419 1200 Nuptias
1436 1154 1628 1200 prohibent,
1647 1159 1680 1188 et
1696 1155 1736 1188 de
1754 1155 1895 1189 infantis

347 1205 497 1238 anniculi
521 1205 690 1247 sanguine
714 1203 954 1236 eucharistiam
977 1202 1151 1235 funestam
1175 1202 1370 1236 conficiunt.
1404 1202 1587 1245 Augustin.
1605 1201 1647 1234 ‹Ie
1670 1211 1782 1246 agone
1799 1199 1895 1235 Chri-

346 1251 456 1283 stiano
475 1262 547 1295 cap.
562 1249 720 1283 XXVIII.
739 1250 777 1281 de
796 1248 925 1281 haeres.
943 1259 1016 1292 cap.
1030 1247 1158 1281 XXVI.
1183 1248 1458 1292 IIarmenopulus
1481 1247 1521 1280 de
1539 1247 1651 1281 sectis.
1683 1245 1895 1292 Epiphanius

347 1296 474 1329 haeres.
492 1295 644 1329 XLVIII.

413 1341 619 1383 Manichaei]
648 1341 719 1373 Vid.
737 1339 948 1385 Epiphanius
963 1338 1092 1373 haeres.
1108 1338 1228 1372 LXVI.
1252 1337 1454 1371 Philastrius
1472 1337 1602 1373 haeres,
1617 1337 1707 1372 LXI.
1732 1337 1896 1383 Augusti—

347 1399 410 1420 nus
429 1387 467 1419 de
486 1386 614 1419 haeres.
633 1398 706 1430 cap.
726 1385 843 1419 XLVI.

412 1432 602 1466 Manichaei
633 1437 663 1464 et
695 1431 863 1473 Marcion]
904 1429 1103 1463 Theodorus
1129 1429 1284 1463 Studitus
1309 1429 1407 1474 epist.
1433 1429 1474 1462 ad
1498 1428 1762 1463 Naucrationem
1785 1429 1895 1464 filium

346 1483 426 1511 tom.
443 1478 464 1511 I.
485 1476 638 1511 biblioth.
662 1482 815 1522 patrum:
843 1477 1069 1520 Baptizautur
1093 1476 1340 1515 .ll‹11·‹·iom'tae,
1379 1475 1662 1518 Tascodruyitae,
1685 1475 1895 1515 Manichaei,

347 1531 378 1556 et
393 1537 475 1568 qaue
489 1530 563 1555 sunt
581 1525 720 1555 stramem
740 1524 879 1556 ordinis.
904 1520 1104 1555 Timotheus
1122 1521 1300 1566 presbyter
1315 1521 1354 1553 de
1373 1519 1565 1553 differentia
1577 1531 1707 1562 eorum,
1726 1520 1784 1565 qui
1801 1531 1893 1554 acce-

346 1570 429 1602 dunt
448 1569 489 1602 ad
509 1570 543 1603 S.
562 1569 664 1601 fidem
682 1568 739 1602 fol.
756 1568 831 1602 031.
858 1567 913 1600 Ius
934 1566 1226 1599 Graeco-Roman.
1245 1570 1326 1600 tom.
1342 1566 1365 1600 I.
1383 1566 1441 1598 fol.
1456 1564 1533 1600 378.

413 1614 507 1655 Quae
525 1614 591 1647 duo
610 1614 772 1658 principia
792 1613 856 1646 sibi
874 1613 993 1655 ignota
1017 1612 1250 1655 introducunt]
1283 1611 1455 1645 Honorius
1480 1611 1521 1643 de
1542 1611 1675 1644 haeres.
1690 1611 1850 1645 Marcion
1867 1617 1897 1644 et

348 1660 553 1693 Cet-doniam·
570 1661 632 1692 (luo
646 1662 822 1703 principia
842 1661 1018 1691 contraria
1037 1663 1200 1690 asserunt.
1231 1656 1463 1690 Theodoretus
1486 1656 1592 1690 fabul.
1616 1655 1776 1692 haeretic.
1795 1657 1852 1692 lib.
1869 1657 1894 1692 I.

344 1705 556 1751 Epiphanius
572 1704 702 1739 haeres,
718 1704 806 1738 XLI.
825 1708 857 1737 et
873 1703 977 1736 XLII.
1003 1703 1206 1736 Damascen.
1224 1703 1264 1735 de
1282 1702 1411 1737 haeres,
1425 1702 1483 1737 sol.
1497 1701 1574 1736 578.
1598 1701 1799 1736 Philastrius
1816 1701 1896 1736 hae-

345 1763 409 1785 res,
426 1751 546 1785 XLIV.
564 1754 597 1783 et
613 1750 717 1784 XLV.
742 1749 892 1783 Isidorus
908 1749 1102 1793 IIispaIens.
1122 1749 1207 1793 orig.
1221 1748 1279 1782 lib.
1293 1747 1324 1781 8.
1342 1759 1415 1792 cap.
1430 1748 1469 1781 V.
1487 1747 1684 1781 Tertullian.
1696 1749 1894 1794 praescript..

346 1797 508 1830 adversus
526 1796 654 1829 haeret.
672 1807 745 1840 cap.
760 1795 813 1829 LI.
834 1794 996 1828 adversus
1014 1794 1225 1827 Marcionem
1243 1794 1300 1828 lib.
1324 1794 1350 1827 l.
1369 1804 1442 1838 cap.
1461 1792 1491 1827 2.

414 1842 590 1875 Contraria
606 1841 784 1886 principia,
803 1844 839 1873 ut
857 1840 1095 1882 Manichaeus]
1120 1838 1288 1885 Epiphan.
1307 1838 1439 1873 haeres,
1452 1838 1573 1872 LXVI.
1596 1838 1799 1873 Philastrius
1815 1839 1895 1873 hae-

346 1899 410 1922 res.
424 1887 513 1921 LXI.
539 1887 754 1931 Augustinus
772 1886 903 1919 haeres.
917 1885 1038 1920 XLVI.

413 1933 492 1967 Tria
513 1936 547 1966 et
568 1933 730 1974 barbara,
755 1936 790 1965 ut
808 1930 992 1965 Sethiauus
1018 1935 1051 1964 et
1067 1929 1295 1974 Theodosius]
1327 1929 1562 1964 Theodoretus
1580 1929 1677 1964 lib.I.
1692 1930 1799 1965 fabul.
1816 1930 1895 1964 hae-

345 1979 477 2012 reticar.

413 2024 475 2057 Vel
492 2023 618 2064 multa,
643 2026 680 2056 ut
702 2023 918 2065 Valentinus]
951 2022 1104 2055 Ubertim
1126 2021 1357 2055 Tertullianus
1382 2021 1543 2054 adversus
1568 2021 1839 2056 Valentinianos.
1862 2025 1897 2055 et

345 2071 404 2103 lib.
422 2070 449 2104 l.
469 2070 631 2102 adversus
647 2069 811 2103 Marcion.
829 2080 901 2112 cap.
919 2068 956 2102 V.
973 2067 1232 2112 Praescription.
1251 2067 1382 2100 advers.
1399 2066 1526 2100 haeret.
1543 2077 1618 2112 cap.
1633 2066 1676 2101 33
1693 2071 1727 2100 et
1738 2067 1792 2101 49.
1815 2067 1895 2112 Epi-

346 2115 492 2162 phanius
517 2114 647 2149 haeres.
662 2113 797 2147 XXXI.
828 2113 1028 2146 I'hilastrius
1053 2112 1395 2148 haeres.XXXVIII.
1421 2111 1622 2147 Timotheus
1643 2113 1821 2158 presbyter
1835 2113 1894 2146 fol.

347 2160 423 2195 931.
447 2160 661 2205 Augustinus
678 2159 809 2192 haeres.
827 2170 900 2203 cap.
914 2159 975 2193 XI.

415 2205 611 2248 Cerinthus]
630 2204 830 2238 Timotheus
842 2205 1021 2249 presbyter
1037 2204 1096 2237 fol.
1110 2204 1186 2238 931.
1214 2203 1444 2248 Baptizantar
1455 2203 1653 2244 Sabelliani,
1673 2203 1894 2244 Cerinthiam',
1930 2235 1935 2240 .

346 2252 600 2291 Μεηαιιᾱιηάηί,
618 2251 793 2283 Ebz'omzez'.
818 2249 998 2283 Cerinthus
1015 2254 1130 2283 autem
1148 2249 1319 2283 Christum
1338 2260 1381 2282 ex
1398 2249 1528 2283 semine
1543 2248 1666 2294 Ioseph
1682 2252 1802 2283 natum
1817 2261 1895 2294 pro-

346 2298 460 2343 ponit,
486 2297 659 2330 hominem
682 2297 779 2329 illum
803 2296 1042 2329 tantummodo
1066 2295 1138 2328 sine
1162 2295 1339 2328 divinitate
1364 2294 1586 2329 contendens.
1611 2295 1772 2328 Irenaeus
1789 2295 1849 2330 lib.
1868 2295 1893 2328 Ι.

348 2354 421 2387 cap.
441 2342 552 2376 XXV.
568 2342 751 2386 Augustin.
768 2340 900 2374 haeres.
916 2341 1004 2375 VIII.
1021 2340 1233 2385 Epiphanius
1250 2339 1382 2375 haeres.
1396 2340 1557 2374 XXVIII.
1580 2341 1780 2376 Tertullian.
1798 2351 1894 2386 prae-

348 2388 414 2422 scri
440 2388 521 2421 tion.
541 2387 701 2420 adversus
718 2386 845 2420 haeret.
863 2397 937 2430 cap.
951 2386 1101 2419 XLVIII.

414 2400 596 2475 {honnuffl
620 2432 651 2465 Is
670 2432 843 2466 Christum
860 2431 1098 2465 tantummodo
1116 2431 1290 2465 hominem
1307 2431 1500 2465 solitarium
1523 2431 1666 2472 adserit,
1692 2432 1747 2465 cui
1770 2431 1893 2476 princi-

347 2479 443 2523 pium
460 2478 622 2512 adscribit
639 2490 682 2511 ex
698 2478 819 2511 Maria.
845 2477 1044 2511 Vincentius
1062 2476 1250 2510 Lirinensis
1267 2480 1386 2510 contra
1402 2476 1533 2510 haeres.
1551 2488 1624 2522 cap.
1638 2477 1732 2511 XVI.
1764 2476 1893 2510 Marius

347 2524 542 2557 Victorinus
566 2523 647 2556 Afer
671 2523 834 2556 adversus
857 2523 995 2556 Arrium
1017 2523 1074 2556 lib.
1093 2522 1121 2556 1.
1147 2522 1205 2556 fol.
1220 2521 1295 2555 288.
1309 2522 1385 2556 294.
1416 2522 1618 2567 Fulgentius
1637 2522 1679 2556 ad
1695 2522 1892 2556 Trasimun-

349 2570 430 2602 dum
446 2569 578 2613 Regem
595 2569 652 2602 lib.
670 2569 697 2603 1.
714 2569 773 2603 fol.
789 2568 842 2602 37.
872 2568 1056 2612 Augustin.
1075 2567 1116 2601 de
1132 2566 1263 2602 haeres.
1284 2578 1357 2612 cap.
1370 2567 1490 2601 XLIV.
1507 2568 1576 2601 Leo
1592 2567 1656 2601 PP.
1673 2567 1701 2601 1.
1719 2578 1818 2601 serm.
1835 2566 1892 2600 IV.

349 2615 389 2648 de
406 2615 582 2649 Nativitat.
601 2615 739 2648 Domini
755 2626 788 2659 p.
804 2613 857 2647 37.
889 2613 1018 2647 Ruffin.
1035 2614 1070 2646 in
1088 2613 1305 2657 expositione
1322 2613 1472 2656 symboli
1487 2613 1544 2647 fol.
1558 2613 1613 2648 87.
1638 2613 1785 2657 Vigilius
1802 2612 1892 2645 Mar-

348 2664 401 2704 tyr
418 2661 475 2695 lib.
493 2660 521 2695 1.
548 2665 666 2693 contra
681 2659 868 2704 Eutychen.
892 2659 1106 2704 Epiphanius
1128 2657 1259 2692 haeres.
1273 2658 1407 2702 LXXI„
1430 2658 1642 2703 Nicephorus
1660 2657 1817 2697 Callistus
1832 2657 1892 2690 lib.

348 2706 408 2741 IX.
427 2717 500 2750 cap.
513 2706 646 2739 XXXI.
673 2706 885 2739 Sozomenus
901 2705 959 2739 lib.
974 2705 1030 2738 IV.
1048 2715 1121 2749 cap.
1135 2704 1175 2738 V.
1194 2704 1346 2737 Historia
1361 2704 1506 2749 Tripart.
1523 2704 1582 2738 lib.
1595 2704 1634 2738 V.
1658 2714 1729 2748 cap.
1742 2703 1782 2737 V.
1815 2701 1893 2735 Phi-

346 2751 486 2829 Vinius
503 2750 632 2785 haeres.
647 2751 750 2784 LXV.
776 2750 972 2784 Theodotus
989 2750 1144 2794 Ancyrae
1162 2749 1309 2794 episcop.
1325 2749 1360 2782 in
1377 2749 1471 2784 Actis
1489 2749 1616 2783 Concil.
1631 2747 1795 2793 Ephesini
1808 2750 1891 2783 tom.

398 2823 403 2829 .
422 2807 461 2828 ca
489 2797 555 2831 .X.

417 2808 497 2885 Calpi.
514 2841 599 2875 LIII.
622 2861 664 2865 —-
690 2841 846 2881 Quotidie
870 2840 1105 2874 Eucharistiae
1130 2840 1406 2874 communionem
1430 2840 1617 2885 percipere]
1658 2837 1697 2870 In
1719 2837 1893 2882 primitiva

351 2887 501 2927 ecclesia,
520 2898 598 2919 cum
615 2897 742 2930 magna
759 2885 867 2919 adhuc
884 2887 1023 2930 vigebat
1038 2886 1117 2919 fidei
1135 2886 1284 2927 devotio,
1308 2886 1425 2919 fideles
1445 2885 1594 2930 quotidie
1610 2883 1892 2926 communicasse,

351 2934 470 2964 notum
487 2943 529 2964 ex
547 2932 687 2964 Actibus
705 2932 949 2975 apostolorum,
967 2935 1000 2964 et
1016 2932 1160 2976 epistola
1178 2931 1337 2964 decretali
1353 2931 1509 2964 Anacleti
1524 2930 1637 2974 Papae
1653 2931 1736 2963 tom.
1749 2928 1773 2961 Ι.
1804 2928 1891 2962 Gon-

352 2975 405 3008 cil.
430 2976 487 3010 fol.
505 2976 559 3009 56.
582 2976 711 3009 Mansit
734 2987 775 3009 ea
799 2977 1010 3010 consuetudo
1035 2987 1144 3020 usque
1169 2976 1211 3009 ad
1235 2980 1383 3009 aetatem
1408 2975 1568 3020 Cypriani
1596 2973 1834 3018 et‘Augustini
1856 2975 1892 3009 in

351 3019 479 3062 Africa,
497 3022 691 3063 Mediolani,
708 3021 848 3062 Romae,
867 3024 900 3054 et
915 3022 951 3055 in
966 3022 1147 3067 Hispania,
1172 3032 1280 3066 usque
1297 3021 1340 3055 ad
1357 3020 1527 3055 Ambrosii
1543 3022 1576 3054 et
1590 3019 1791 3064 Hieronymi
1805 3023 1891 3054 tem-
