2052 3374
721 232 771 258 DE
790 231 1024 258 RAERESIBUS
1043 230 1165 256 LIBER.

1658 231 1710 271 63

165 336 243 380 ἶ’Ἠί
263 350 430 380 carnem
449 336 630 378 hominis
651 350 735 378 non
756 351 780 377 a
802 336 877 378 deo
894 337 1047 377 factam
1068 339 1274 388 asserunt,
1295 333 1368 376 sed
1389 348 1414 375 a
1434 332 1622 376 diabolob
1644 347 1709 374 ar-

166 407 382 448 bitrantur.
413 405 531 447 Hanc
553 407 679 446 etiam
701 405 1050 447 contemnendam
1070 409 1112 445 et
1130 403 1264 446 modis
1295 402 1487 445 omnibus
1509 401 1710 444 abiicien-

167 475 262 525 dam
282 475 523 527 decernunt,
544 479 591 516 ut
613 476 739 516 etiam
760 473 865 516 ultro
887 473 1058 528 quidam
1079 472 1128 514 de
1158 474 1217 513 eis
1240 472 1321 514 sibi
1340 475 1518 514 mortem
1537 471 1711 513 inferrec

165 558 250 587 non
270 543 562 586 dubitaverint.

250 612 584 668 Symmachiani³
607 611 701 653 ¹alii
723 610 917 666 discipuli
938 612 1059 651 istius
1081 609 1228 651 eadem
1257 612 1484 651 sentientes
1513 611 1555 650 in
1579 610 1712 650 omni-

166 682 259 736 bus,
279 695 363 724 non
383 681 625 737 sperantesb
647 680 859 733 iudicium,
880 680 993 720 vitiis
1016 678 1271 720 secularibus
1294 683 1335 719 et
1356 678 1592 720 carnalibus
1615 691 1712 720 con-

168 752 437 807 cupiscentiis
458 749 702 805 praedicant
723 747 999 790 serviendum.

249 818 402 862 Paulus
419 818 588 874 quidam
608 818 686 859 fuit
701 817 997 859 Samosatenus
1013 820 1109 872 post
1122 816 1221 858 hosa
1242 817 1287 857 in
1303 815 1435 870 Syria,
1457 817 1527 870 qui
1543 815 1715 857 verbum
1745 822 1810 854 Cap·
1830 821 1927 846 LXIV-

169 888 248 942 dei,
268 887 309 930 id
332 891 396 930 est
416 887 628 929 Christum
649 886 772 929 deum
794 886 860 928 dei
881 885 1013 928 filium
1034 884 1367 927 1substantivum
1389 898 1434 926 ac
1457 883 1719 940 personalem

257 1012 289 1048 3.
306 1013 363 1047 Hii
378 1011 482 1046 ABa.

261 1057 342 1104 Gap.
357 1057 481 1093 LXIII.
498 1060 534 1091 in
552 1057 660 1092 Babc.
677 1059 878 1102 inscriptum
895 1056 997 1090 habet
1011 1055 1274 1091 Snfflacmssr.
1293 1074 1336 1079 —
1378 1055 1406 1088 1.
1424 1054 1484 1089 alii
1501 1054 1659 1100 discipuli
1677 1055 1719 1088 A.

171 1104 330 1150 discipuli
344 1105 476 1148 reliqui.

259 1149 342 1196 cap.
358 1149 479 1184 LXIV.
495 1152 531 1182 in
549 1149 657 1185 Babc.
677 1151 870 1194 inscriptum
890 1148 991 1182 habet
1014 1147 1150 1183 Pam-s
1169 1158 1423 1183 ssuosnusvs.
1441 1166 1484 1171 -—
1512 1147 1539 1180 1.
1565 1146 1722 1180 substan-

171 1196 240 1231 tive
256 1206 296 1230 ac
308 1195 488 1242 personale
504 1196 549 1231 A.

173 1300 393 1333 adversantes
427 1300 552 1333 divinis
590 1299 755 1332 veteribus
786 1299 912 1333 librisss'

172 1345 375 1390 caeteroqui
389 1345 496 1378 rarior
508 1343 632 1378 horum
643 1344 914 1378 Patricianorum

171 1391 207 1426 in
222 1395 377 1425 veterum
389 1391 523 1436 script-is
535 1391 713 1430 memoria,
731 1401 812 1424 nam
827 1400 915 1434 quae

173 1437 387 1481 Augustinus
419 1436 459 1470 de
482 1436 621 1471 Haeres.
646 1447 674 1471 c.
692 1436 745 1470 61.
773 1436 813 1469 de
847 1437 915 1469 illis

171 1483 285 1524 tradit,
293 1494 336 1516 ex
344 1481 525 1516 Philastrio
542 1482 711 1527 descripta
725 1487 815 1522 sunt,
829 1482 917 1515 sicut

176 1540 219 1563 ex
242 1529 436 1573 Augustino
464 1538 506 1562 ea
528 1532 685 1573 repetunt
711 1527 861 1561 Isidorus
885 1532 918 1561 et

176 1574 234 1608 alii
248 1574 408 1609 iuniores.
456 1574 529 1615 (F.)

222 1620 255 1654 b.
279 1631 349 1654 non
365 1630 386 1654 a
403 1619 465 1653 deo
489 1619 548 1652 sed
571 1629 591 1652 a
608 1619 757 1661 diabolo]
785 1618 828 1652 I‘t
843 1619 916 1652 Ma-

177 1665 311 1700 nichaei
343 1665 383 1700 de
421 1665 546 1710 quibus
584 1665 693 1710 capite
726 1664 914 1710 superiore:

180 1712 329 1756 „Corpus
345 1725 366 1744 a
384 1711 661 1755 diabolofactum
672 1711 917 1745 arbitrantur?

179 1757 315 1799 (Fabr.)

221 1814 249 1838 c.
273 1803 339 1836 sibi
354 1806 501 1837 mortem
517 1802 656 1845 inferre]
690 1801 740 1836 De
756 1801 915 1835 Patricia-

179 1849 232 1883 nis
247 1848 375 1883 Auctor
389 1848 636 1882 Praedestinati
650 1859 677 1882 c.
688 1848 741 1882 61.
762 1847 832 1887 „Hi
843 1848 916 1881 sub-

178 1897 335 1928 stantiam
353 1897 469 1928 carnis
485 1894 651 1927 humanae
666 1906 728 1926 non
745 1906 766 1926 a
785 1894 843 1927 deo
860 1895 920 1926 secl

179 1950 203 1974 a.
217 1941 348 1974 diabolo
365 1941 533 1974 conditam
556 1941 688 1979 dicunt,
713 1951 846 1983 eamque
868 1942 917 1972 sic

181 1987 393 2027 detestantur,
410 1992 448 2018 ut
464 1985 551 2018 huuc
577 1987 696 2018 dicant
717 1996 786 2018 esse
805 1988 917 2029 perje-

181 2037 282 2073 ctum,
311 2034 367 2076 qui
389 2043 423 2064 se
440 2033 593 2076 potuerit
615 2036 806 2063 constanter
830 2033 918 2064 occi-

182 2079 269 2112 dere.
299 2077 355 2110 Ea:
371 2077 424 2110 his
438 2083 515 2110 sunt
530 2077 714 2120 aliquanti,
738 2079 794 2120 qui
818 2078 917 2109 etiam

179 2129 303 2168 ‹roqant
316 2135 385 2164 eos,
408 2134 486 2167 quos
506 2124 694 2155 invenerint
714 2124 860 2165 iynotos,
882 2128 920 2154 ut

182 2169 224 2202 ab
237 2171 284 2202 eis
295 2169 507 2203 occidantur.
524 2167 623 2201 Haec
636 2169 776 2200 ‘insania
788 2170 917 2212 inpar-

181 2215 267 2248 tibus
279 2214 464 2248 Numidiae
479 2225 517 2246 su
543 2215 663 2246 erioris
694 2219 727 2246 et
747 2212 917 2246 Maurita-

181 2262 258 2294 niae
275 2262 382 2305 coepit
391 2260 487 2293 olim.-
512 2226 571 2292 ἴω
587 2261 703 2292 miseri
715 2258 918 2293 Donatistae

179 2311 296 2350 postea
311 2306 436 2338 secuta*
454 2311 514 2340 etc.
564 2304 637 2346 (F.)

226 2350 308 2396 Gap.
322 2350 444 2385 Lxm.
461 2371 505 2376 —
544 2361 575 2385 a.
593 2348 854 2394 symmachiani
870 2349 918 2383 di-

181 2397 302 2442 scipuli
316 2397 429 2440 istius]
458 2396 579 2437 Istius,
603 2401 685 2448 puta
697 2395 843 2430 Patricii.
867 2395 918 2430 De

180 2441 234 2476 his
271 2441 546 2487 Symmachianis
583 2440 667 2475 nihil
704 2441 918 2485 Augustinus

181 2499 291 2533 neque
305 2487 551 2522 Praedestinati
567 2491 700 2527 auctor,
725 2497 837 2531 neque
859 2487 918 2521 alii

182 2533 241 2578 qui
263 2533 304 2568 do
318 2533 516 2568 haeresibus
532 2533 707 2578 scripsere.
737 2532 781 2566 At
807 2543 849 2566 ue
865 2543 918 2566 as-

181 2579 308 2613 sentior
343 2578 497 2620 Petavio‚
536 2579 595 2624 qui
633 2578 795 2622 Symmac
821 2578 917 2612 ianos

180 2623 350 2659 Philastrii
384 2625 426 2659 ab
462 2625 529 2659 alio
570 2634 673 2669 quam
709 2623 917 2667 Symmacho

180 2669 350 2711 Ebionita,
369 2670 498 2705 Graeco
520 2670 683 2704 librorum
700 2669 741 2703 V.
761 2669 799 2703 T.
818 2670 917 2703 inter-

180 2720 285 2761 prete,
318 2715 424 2750 dictos
478 2721 552 2750 utat
582 2716 616 2749 in
649 2715 738 2748 notis
770 2714 812 2748 ad
839 2714 866 2748 E
893 2715 918 2749 i-

204 2760 282 2797 han.
295 2772 332 2814 p.
347 2761 424 2796 400.
454 2728 523 2796 ged
540 2760 690 2794 vicissim
708 2726 916 2804 Symmacho

209 2807 360 2841 biomtae
375 2817 501 2841 nomen
519 2807 638 2840 debere
655 2810 743 2840 recte
760 2806 916 2840 Valesius

180 2863 213 2897 p.
233 2852 308 2888 119.
323 2853 367 2886 ad
381 2852 519 2887 Eusebii
534 2853 590 2886 VI.
607 2851 657 2886 17.
674 2851 805 2885 notavit
817 2851 917 2896 Sym-

180 2897 379 2933 machianos
395 2899 480 2932 alios
494 2898 535 2932 de
552 2897 675 2942 quibus
693 2901 810 2930 auctor
826 2908 916 2931 com-

181 2944 356 2985 mentarii,
374 2944 433 2989 qui
448 2944 573 2989 legitur
589 2943 675 2977 inter
692 2942 727 2976 S.
744 2942 917 2977 Ambrosii

181 2999 201 3022 ο
246 2999 294 3031 ra,
308 2989 452 3035 prologo
465 2989 501 3024 in
513 3000 530 3023 e
556 2989 692 3023 istolam
706 2987 748 3022 ad
759 2987 918 3023 Galatas:

185 3059 199 3074 ,.,
229 3037 299 3068 icut
318 3041 352 3068 et
369 3034 522 3079 Symmac
548 3037 637 3075 iani,
661 3037 717 3078 qui
738 3045 777 3066 ex
793 3033 918 3067 Phari-

183 3082 273 3114 eaeie
283 3083 444 3125 originem
457 3080 605 3122 trahunt,
618 3082 674 3124 qui
685 3085 822 3114 servata
834 3082 922 3114 omni

984 1298 1055 1341 ἱερεῖ
1069 1297 1280 1331 Christiano-5
1292 1308 1327 1330 se
1345 1298 1469 1338 dicunt,
1486 1307 1576 1330 more
1588 1295 1727 1328 Photim'

986 1343 1153 1377 Christum
1169 1356 1233 1377 non
1251 1344 1344 1376 deum
1362 1349 1394 1376 et
1407 1342 1578 1383 hominem,
1595 1343 1656 1375 sed
1670 1341 1725 1374 lzo-

984 1392 1103 1422 minem
1132 1390 1354 1422 tantummodo
1384 1388 1604 1433 definientes.”
1638 1387 1726 1420 Fau-

986 1440 1059 1468 stus
1075 1433 1298 1468 Manichacus
1316 1434 1406 1480 apud
1422 1434 1606 1479 Augustin.
1624 1432 1723 1467 XIX.

986 1481 1017 1515 4.
1036 1481 1147 1526 operis
1171 1480 1334 1514 adversus
1359 1491 1438 1514 eum
1462 1480 1594 1525 scripti:
1631 1479 1726 1519 „Hoc

987 1529 1017 1558 si
1026 1539 1052 1558 m
1059 1526 1089 1559 ilz
1096 1526 1368 1559 irvamraeorum
1378 1527 1537 1559 obiiceret
1545 1527 1725 1569 quisquam,

986 1584 1064 1616 quos
1077 1573 1141 1604 alii
1151 1571 1428 1615 Symmachianos
1441 1572 1626 1616 appellant,
1643 1572 1730 1614 quod

987 1618 1082 1650 Iesus
1105 1619 1230 1650 ‹lirerz‘t
1249 1630 1283 1650 se
1308 1630 1370 1651 non
1391 1620 1519 1650 venisse
1540 1617 1666 1649 solz-ere
1683 1617 1727 1648 le-

985 1663 1076 1707 yem''
1087 1669 1147 1698 etc.
1172 1663 1387 1708 Augustinus
1396 1663 1469 1708 ipse
1478 1662 1576 1697 XIX.
1590 1662 1640 1696 17.
1650 1673 1728 1695 cum

987 1709 1129 1743 dixisset
1138 1709 1178 1742 de
1188 1709 1401 1743 credentibus
1410 1720 1455 1743 ex
1461 1708 1729 1747 circumcisione,

987 1755 1045 1800 qui
1061 1755 1097 1788 in
1113 1765 1155 1788 ea
1170 1755 1391 1800 perversitate
1414 1758 1626 1796 manserunt,
1643 1759 1680 1787 ut
1697 1759 1730 1787 et

987 1805 1107 1846 gentes
1124 1805 1287 1846 cogerent
1302 1800 1490 1842 iudaizare,
1510 1802 1558 1842 „ii
1573 1806 1661 1840 sunt,
1679 1799 1729 1833 in-

989 1847 1071 1891 quit,
1086 1859 1163 1891 quos
1177 1847 1324 1880 Faustus
1331 1846 1666 1890 Symmaclzianorum
1679 1848 1731 1878 rel

988 1892 1250 1926 Nazaraeorum
1289 1895 1414 1926 nomine
1454 1897 1728 1931 commemoravit,

988 1941 1044 1982 qui
1064 1950 1164 1983 usque
1187 1940 1234 1972 ad
1258 1945 1373 1972 nostra
1395 1945 1545 1983 tempora
1567 1940 1636 1971 iam
1661 1940 1729 1981 qui-

989 1985 1060 2017 dem
1076 1987 1113 2017 in
1129 1987 1267 2028 exiqua,
1290 1986 1350 2018 sed
1373 1984 1485 2018 adhuc
1503 1990 1613 2017 tamen
1628 1984 1680 2016 vel
1696 1985 1729 2015 in

988 2033 1064 2074 ipsa
1082 2032 1261 2074 paucitate
1277 2029 1504 2075 perdurant.’'
1532 2029 1627 2063 Idem
1650 2039 1729 2062 con-

989 2080 1043 2109 tra
1057 2074 1281 2110 Cresconium
1293 2075 1512 2110 Donatistam
1527 2075 1586 2110 lib.
1599 2075 1627 2110 1.
1637 2085 1666 2109 c.
1675 2074 1729 2108 31.

990 2121 1061 2161 „Et
1075 2133 1162 2155 nunc
1178 2128 1256 2155 sant
1269 2123 1406 2166 quidam
1419 2121 1602 2162 haeretici,
1625 2123 1682 2165 qui
1696 2132 1731 2152 se

987 2166 1190 2201 Nazarenos
1213 2174 1353 2208 vocant,
1384 2180 1407 2201 a
1430 2167 1597 2200 nonnullis
1622 2172 1730 2200 autem

986 2212 1243 2257 Symmaclziam‘
1261 2213 1490 2258 appellantur,
1507 2218 1540 2246 et
1554 2215 1731 2246 circumci-

986 2261 1110 2292 sionem
1126 2259 1251 2292 lzabent
1264 2259 1468 2293 Iudaeorum
1485 2264 1518 2292 et
1532 2259 1728 2304 baptismum

989 2304 1289 2340 Christianorum.'’
1337 2304 1412 2349 (F.)

1034 2350 1065 2385 b.
1090 2362 1160 2384 non
1177 2354 1355 2396 sperantes
1371 2350 1552 2394 iudicium]
1578 2349 1672 2384 Idem
1690 2349 1731 2383 de

987 2395 1200 2430 Manichaeis
1217 2406 1321 2442 supra
1337 2407 1365 2431 c.
1383 2396 1436 2431 61.
1485 2396 1559 2438 (F.)

1032 2441 1114 2487 Cap.
1138 2441 1261 2477 LXIV.
1278 2462 1321 2467 —
1345 2453 1376 2477 a.
1397 2446 1478 2497 post
1493 2441 1570 2485 hos]
1613 2441 1664 2485 [Id
1682 2445 1732 2474 est

982 2494 1124 2532 praeter
1142 2487 1210 2522 lzos.
1258 2487 1316 2522 Sic
1334 2499 1413 2532 μετα
1437 2488 1526 2521 Actt.
1550 2487 1591 2529 V,
1614 2487 1668 2520 37.
1691 2487 1730 2519 V.

988 2532 1117 2567 adnott.
1137 2533 1179 2567 ad
1196 2543 1270 2578 cap.
1287 2532 1341 2567 43.
1373 2533 1569 2567 Artemonis
1587 2536 1732 2566 sectato-

986 2589 1059 2612 rem
1076 2578 1343 2613 Samosatenum
1359 2578 1443 2613 facit
1466 2578 1612 2623 scriptor
1634 2582 1733 2610 vetus

987 2624 1022 2657 in
1040 2623 1170 2658 Catena
1186 2624 1228 2658 ad
1244 2624 1319 2658 Act.
1336 2624 1377 2666 H,
1396 2624 1449 2658 22.
1467 2634 1522 2670 ap.
1541 2624 1621 2657 Rev.
1640 2623 1732 2656 Wol-

986 2669 1071 2704 fium
1095 2675 1177 2704 tom.
1202 2670 1258 2704 IV.
1283 2670 1433 2704 Anecdd.
1457 2680 1536 2715 pag.
1563 2670 1608 2712 6.]
1656 2667 1733 2701 Non

988 2720 1146 2749 accurate
1180 2715 1265 2750 adeo
1305 2716 1346 2750 de
1373 2721 1526 2762 tempore
1562 2714 1733 2748 Philastrii

987 2761 1090 2795 verba
1122 2761 1321 2807 accipienda
1353 2766 1450 2803 sunt,
1475 2761 1572 2806 quasi
1605 2759 1733 2803 singuli

988 2817 1074 2851 quos
1102 2807 1160 2841 ille
1187 2812 1266 2852 post
1289 2807 1375 2841 alios
1403 2807 1510 2841 fuisse
1542 2805 1731 2839 haereticos

988 2857 1252 2894 commemorat,
1277 2853 1381 2887 etiam
1406 2858 1558 2898 tempore
1585 2860 1731 2884 emerse-

988 2897 1055 2931 rint
1078 2898 1164 2939 illis,
1201 2909 1287 2943 quos
1310 2899 1405 2944 prius
1433 2899 1444 2932 i
1471 2908 1507 2931 se
1530 2897 1730 2930 nominave-

988 2948 1054 2984 rat,
1086 2945 1306 2988 posteriores:
1338 2954 1419 2978 nam
1478 2942 1576 2976 aulus
1610 2941 1731 2976 Samo-

990 2993 1128 3023 satenus
1161 2989 1205 3023 ob
1237 2989 1394 3024 haeresin
1434 2989 1548 3034 episco
1575 2992 1633 3021 atu
1664 2988 1731 3021 An—

990 3032 1148 3068 tiocheno
1173 3034 1323 3069 deiectus
1348 3039 1399 3068 est
1429 3035 1467 3068 A.
1492 3033 1528 3067 G.
1547 3033 1623 3067 ⁵70.
1663 3033 1732 3066 Sed

989 3079 1136 3115 Manetis
1160 3080 1217 3124 (de
1235 3092 1302 3126 quo
1319 3081 1388 3116 iam
1406 3090 1432 3115 c.
1451 3080 1504 3115 61.
1529 3078 1630 3124 dixit)
1653 3077 1732 3114 hae-

1740 617 1807 648 Cap.
1827 615 1927 640 Lx111.
