2052 3342
141 340 205 372 cap.
227 340 302 364 vm.

188 1549 252 1580 Cap.
274 1549 307 1573 11.

327 228 406 268 284
905 222 1284 248 PSEUDo-HOERONYMl

413 328 684 380 ¹Samaritae,
713 329 783 381 qui
811 328 853 368 in
875 326 962 368 loco
992 326 1116 367 Israel
1147 324 1323 381 ²captivi
1345 330 1385 366 et
1405 325 1571 367 adducti
1590 327 1632 367 in
1661 324 1862 379 3Babylo-

329 397 439 438 niam
466 395 655 437 translati
684 399 792 436 sunt.
848 395 1072 435 Venientes
1106 396 1148 434 in
1182 398 1332 434 terram
1368 395 1544 446 regionis
1573 394 1780 435 Samariae
1816 407 1867 434 ex

330 468 442 520 parte
465 463 744 505 israelitarum
767 463 1122 515 consuetudinem,
1142 463 1282 516 ⁴quain
1300 477 1325 502 α
1343 462 1554 503 sacerdote
1572 462 1784 503 reductam
1800 460 1862 502 di-

330 533 517 573 dicerunt
527 539 555 584 ³,
576 535 732 584 tenent,
754 545 804 572 ex
820 535 934 585 parte
950 531 1158 583 gentilem,
1177 544 1300 585 quam
1318 532 1357 571 in
1376 531 1600 571 nativitatis
1619 543 1714 571 suae
1735 530 1869 570 ⁵terra

330 600 575 641 habuerunt.
625 599 730 641 Nam
751 601 794 640 in
815 599 1171 640 observationibus
1203 600 1286 640 suis
1310 612 1334 639 a
1361 598 1524 639 Iudaeis
1553 599 1716 639 omnino
1749 610 1867 652 sepa-

332 673 492 718 rantur:
523 682 696 723 quorum
718 668 955 724 superstitio
976 667 1117 722 procul
1141 667 1263 708 dubio
1286 666 1477 708 omnibus
1499 669 1595 707 nota
1615 670 1687 707 est.

418 736 675 778 ¹IIe1·odiani.
735 736 1007 789 Temporibus
1036 735 1251 777 salvatoris
1287 735 1386 776 haec
1416 735 1599 776 haeresis
1628 732 1869 775 exsurrexit.

334 807 385 848 Ili
406 805 611 847 Herodem
627 805 908 857 magnificant,
929 804 1114 845 dicentes
1130 805 1264 858 ipsum
1283 817 1373 844 esse
1392 803 1611 844 Christum.

419 873 839 928 ¹lIemerobaptistae,
861 874 931 927 qui
953 871 1133 927 quotidie
1157 875 1197 913 et
1218 885 1387 928 corpora
1407 884 1482 914 sua
1503 875 1543 912 et
1559 871 1725 912 domum
1741 872 1782 911 et
1802 882 1870 911 su-

335 941 582 997 pellectilem
599 941 773 983 lavanta.

422 1125 682 1165 ¹Simonitae.
715 1122 856 1163 Simon
877 1123 1043 1176 quidem
1060 1136 1219 1176 maguS,
1237 1124 1305 1176 qui
1321 1122 1485 1164 induxit
1499 1135 1645 1163 novam
1662 1120 1880 1171 haeresim,

341 1194 483 1234 dicens
506 1206 548 1233 se
571 1205 661 1232 esse
682 1193 873 1231 virtutem
899 1191 1134 1243 caelestem,
1156 1195 1197 1231 et
1211 1192 1426 1232 universas
1444 1204 1545 1244 quae
1562 1193 1659 1231 sunt
1674 1190 1880 1230 creaturas

344 1275 424 1302 non
448 1275 537 1301 esse
567 1275 590 1300 a
611 1260 685 1300 deo
708 1259 858 1311 factas,
886 1259 959 1300 sed
988 1273 1012 1300 a
1031 1261 1182 1300 virtute
1210 1259 1385 1312 quadam
1414 1272 1610 1313 superna,
1635 1257 1810 1310 ideoque
1837 1268 1881 1296 se

347 1329 611 1371 descendisse
632 1328 780 1381 inquit,
800 1331 846 1368 ut
867 1341 984 1368 ovem
1001 1327 1178 1368 salvaret
1198 1327 1446 1381 perditam³;
1468 1327 1675 1367 Christum
1690 1323 1799 1380 apud
1812 1323 1881 1364 Iu-

352 1399 474 1439 daeos
510 1411 590 1437 non
620 1410 710 1437 esse
739 1410 918 1451 passum.
968 1396 1044 1436 Hie
1080 1399 1143 1436 est
1168 1394 1333 1436 2Si1n0n
1369 1397 1433 1436 cui
1459 1395 1606 1436 Petrus
1641 1395 1683 1434 in
1709 1393 1883 1434 Actibus

355 1465 670 1521 Apostolorumb
699 1464 922 1505 maledixit.
972 1463 1197 1505 Menander
1223 1468 1264 1505 et
1283 1463 1529 1505 Saturninus
1548 1462 1659 1503 idem
1681 1461 1883 1503 dixerunt.

416 1534 507 1576 Alia
519 1533 701 1574 haeresis
714 1532 967 1573 Basiliditae.
982 1532 1200 1572 Basilidesa
1215 1532 1319 1572 dixit
1332 1531 1381 1572 de
1392 1531 1575 1585 ingenito
1589 1529 1672 1572 solo
1686 1529 1761 1571 deo
1772 1529 1875 1571 Sen-

334 1618 438 1655 sum,
456 1617 479 1643 a
491 1602 626 1643 Sensu
638 1601 834 1652 Verbum,
853 1601 1023 1641 aVerbo
1043 1600 1324 1652 Prudentiam,
1341 1614 1365 1640 a
1380 1599 1604 1641 Prudentia
1619 1598 1838 1650 Virtutem,
1854 1611 1878 1637 a

335 1673 494 1712 Virtute
515 1670 799 1724 ¹Sapientiam,
820 1682 869 1709 ex
882 1682 961 1722 qua
972 1668 1233 1723 Principatus
1253 1672 1293 1708 et
1304 1668 1428 1709 Initia
1445 1667 1727 1708 etPotestates
1738 1665 1876 1707 etAn-

336 1740 429 1793 geli,
450 1741 519 1793 qui
539 1739 725 1779 fecerunt
742 1736 948 1778 CCC-LXV
968 1736 1120 1778 caelos:
1146 1750 1170 1777 a
1188 1736 1308 1777 Caelo
1330 1740 1468 1777 autem
1487 1737 1709 1777 novissimo
1727 1734 1880 1776 factam

337 1822 428 1849 esse
440 1809 676 1849 universam
685 1806 791 1847 hanc
811 1808 1037 1846 creaturam
1051 1809 1092 1845 et
1108 1806 1228 1858 quiin
1245 1818 1293 1845 ea
1302 1804 1601 1846 esthominem:
1619 1804 1793 1858 partitos
1804 1816 1877 1843 au-

337 1881 422 1917 tem
444 1889 534 1917 esse
555 1874 735 1928 Angelos
757 1887 829 1928 per
852 1877 995 1927 gentes
1016 1875 1246 1926 universas,
1274 1886 1295 1914 e
1317 1873 1466 1927 quibus
1487 1886 1593 1913 unus
1615 1873 1670 1913 sit
1690 1870 1790 1912 deus
1810 1871 1878 1912 Iu-

340 1944 548 1997 daeorum,
579 1944 650 1997 qui
676 1946 837 1997 partem
858 1943 1020 1996 accepit
1040 1955 1112 1996 per
1132 1955 1261 1995 genus
1281 1941 1579 1993 Hebraeorum,
1609 1941 1679 1994 qui
1700 1939 1751 1980 de
1771 1942 1881 1980 terra

338 2014 514 2067 Aegypti
536 2011 677 2052 eduxit
696 2009 789 2051 illos
813 2009 862 2051 de
885 2011 1094 2051 servitute.
1126 2010 1203 2050 Hic
1224 2009 1408 2063 Angelus
1424 2009 1691 2063 protervitate
1713 2021 1789 2049 sua
1808 2020 1879 2048 ex-

340 2080 483 2122 altavit
503 2093 546 2121 se
564 2093 687 2134 super
703 2083 860 2120 ceteros
877 2077 1071 2132 Angelos,
1096 2082 1136 2118 et
1151 2081 1311 2132 partem
1328 2091 1469 2119 eorum
1483 2075 1650 2118 volebat
1664 2075 1745 2117 sibi
1758 2089 1879 2117 usur-

407 2216 489 2261 Cap.
505 2215 592 2249 VIII.
611 2233 654 2238 -——
673 2215 701 2247 1.
720 2214 863 2247 Octava:
887 2213 1078 2246 Samaritae
1095 2213 1184 2247 Men.
1231 2213 1262 2246 2.
1275 2212 1410 2257 captivo
1429 2215 1462 2246 et
1478 2211 1624 2245 adducto
1636 2211 1726 2245 Men.
1772 2210 1804 2245 3.
1817 2210 1882 2245 Ba-

340 2262 519 2307 bylonium
535 2261 624 2295 Men.
694 2260 726 2292 4.
745 2269 848 2303 quam
866 2259 1076 2292 sacerdotem
1092 2258 1271 2292 reductum
1288 2258 1376 2292 Men.
1447 2257 1478 2291 5.
1495 2261 1622 2291 terram
1637 2257 1725 2290 Men.

409 2307 490 2352 Cap.
506 2306 569 2340 IX.
588 2325 630 2329 —
650 2305 677 2338 1.
694 2304 807 2338 Nona:
824 2304 1009 2338 Herodiani
1024 2305 1113 2339 Men.

410 2352 491 2397 Cap.
509 2352 554 2385 X.
573 2372 616 2376 —
635 2351 663 2384 1.
680 2350 836 2383 Decima:
854 2350 1174 2394 Hemerobaptistae
1191 2349 1279 2383 Men.

411 2398 493 2442 Cap.
511 2397 535 2431 I.
553 2416 593 2420 —-
616 2396 643 2430 1.
660 2396 747 2429 Item
763 2396 851 2428 aliae
868 2394 1024 2429 haereses
1043 2395 1254 2428 diversorum
1271 2394 1488 2439 dogmatum,
1510 2393 1545 2427 id
1561 2397 1613 2427 est
1627 2393 1794 2439 primum,
1819 2392 1886 2438 Sy-

343 2444 505 2479 monitae.
531 2442 661 2486 Symon
679 2441 815 2486 quidem
831 2440 919 2474 Men.
989 2440 1019 2475 ⁶2.
1038 2440 1168 2485 Symon
1185 2440 1273 2475 Men.

413 2489 494 2534 Cap.
512 2488 553 2523 H.
569 2508 613 2513 —
633 2488 660 2521 1.
678 2486 847 2532 sapientia
863 2486 952 2520 Men.

391 2613 578 2659 Cap.V111.
603 2633 647 2638 —
674 2622 704 2645 a.
727 2611 903 2646 sacerdote
925 2611 1079 2654 reducto]
1150 2621 1237 2656 quae
1254 2611 1296 2645 ab
1313 2610 1415 2644 huius
1431 2609 1572 2644 indiculi
1594 2613 1733 2644 auctore
1748 2619 1885 2655 enume-

345 2661 392 2695 Io.
409 2660 646 2693 Damascenus
669 2658 719 2691 De
734 2658 874 2692 Haeres.
892 2667 921 2690 c.
938 2656 969 2691 9.
996 2656 1081 2698 „Mi-
1149 2660 1268 2690 rantux
1284 2656 1500 2690 Iudaicarum
1515 2659 1699 2696 sectarum,
1721 2657 1789 2688 tres
1811 2657 1884 2687 tan-

346 2717 448 2739 τοικοι
476 2704 511 2738 δὲ
539 2702 624 2742 ὄντες
652 2702 716 2735 ἀπὶ)
746 2701 924 2748 Ἀσσυρίων
958 2700 998 2740 εἷς
1026 2700 1081 2744 τὴν
1150 2706 1223 2735 tum
1239 2705 1484 2736 commennrat
1497 2699 1885 2735 Pseudo-Tertullianus

346 2749 525 2795 Ἰουδαίαν,
547 2748 600 2782 καὶ
621 2748 775 2793 λαβόντες
798 2747 852 2790 τὴν
869 2745 1082 2792 πεντάτευχον
1150 2748 1264 2781 libello
1288 2747 1461 2781 Adversus
1479 2746 1604 2780 Omnes
1626 2745 1791 2780 Haereses
1807 2755 1835 2778 c.
1855 2744 1885 2779 1.

348 2795 513 2838 Μωσέως,
542 2797 599 2827 τοῦ
624 2793 780 2837 βασιλέως
804 2793 912 2831 αὐτοῖς
935 2791 1083 2825 ἀποστεί-

349 2841 465 2918 λαζτος
487 2839 550 2897 {aab
565 2839 763 2898 Passuxffivog
782 2837 812 2871 δί
833 2837 939 2883 izpe'mg
956 2835 1084 2882 Ἔσδρα
1151 2862 1236 2903 tam]
1264 2860 1315 2894 Cf.
1330 2858 1721 2894 Pseudo-Tertullianus
1744 2857 1884 2891 Advers.

349 2899 391 2919 κα
416 2897 561 2931 OQP-3⁸01).

351 2931 478 3010 Ιείἓὲιξῖ·
488 2931 607 3021 ΟΧΥἰὲΞ
621 2929 1086 3016 θῄΙῙῗἺΞΠῖὗἏξῖ-ᾗξθξὲῗὲῗ
1154 2905 1643 2995 Ossgztffaiiesl-Alpolstolorum]
1651 2946 1821 2989 Act.V1]J,
1830 2947 1883 2982 20.

352 3022 475 3066 ptistae
492 3032 532 3055 eo
546 3020 636 3065 quod
648 3019 798 3065 quotidie
810 3020 1013 3053 vestimenta
1025 3029 1088 3053 sua
1200 3018 1280 3064 Cap.
1296 3018 1337 3052 Π.
1354 3039 1396 3044 -
1413 3028 1442 3051 a.
1458 3015 1638 3058 Basilides]
1672 3014 1722 3049 Cf.
1735 3014 1884 3050 Pseudo-

355 3070 389 3100 et
405 3076 547 3112 corpora
569 3065 719 3101 lavant.'’
742 3085 785 3091 —
807 3065 933 3100 Decem
954 3064 1085 3108 harum,
1154 3064 1381 3100 Tertullianus
1404 3062 1488 3097 Adv.
1506 3061 1632 3096 Omnes
1647 3060 1745 3096 Haer.
1762 3071 1836 3107 cap.
1851 3061 1883 3096 4.

1198 2814 1280 2860 Cap.
1299 2814 1324 2848 Ι.
1340 2835 1383 2839 -
1399 2825 1429 2848 a.
1447 2817 1484 2848 ut
1501 2824 1599 2848 ovem
1614 2813 1761 2846 salvaret
1774 2811 1884 2856 perdi-
