2052 3342
227 1114 291 1144 Cap.
312 1111 370 1136 (Ἠ.

223 1866 287 1895 Cup.
308 1862 380 1887 CUI.

1050 229 1247 256 PHILASTRI

386 247 438 288 98

385 361 515 403 neque
530 359 608 401 pei·
627 342 820 397 spiritum
837 335 1009 388 meumst,
1032 335 1133 375 dicit
1154 331 1355 373 dominus.
1385 327 1436 369 Et
1457 326 1506 367 de
1527 320 1920 381 pseudoprophetis²

388 420 461 458 ita:
483 414 599 456 ,Ilaec
621 411 719 451 dicit
741 408 951 450 dominus:
971 402 1067 444 A'on
1090 402 1179 442 illos
1200 396 1420 448 mittebam,
1442 402 1478 436 et
1494 394 1557 435 illi
1569 392 1687 434 ibant
1701 392 1746 431 in
1761 389 1924 430 nomine

386 499 472 525 rmeo
488 479 749 537 prophetare.
796 476 966 529 Propter
993 470 1101 525 quod
1123 470 1246 509 etiam
1269 468 1411 507 contra
1431 462 1522 504 illos
1550 473 1671 515 saepe
1692 459 1837 500 mortis
1857 456 1926 496 4in

388 553 463 593 1100
488 548 638 591 mundo
663 545 908 597 condignam
935 541 1124 581 dominus
1155 535 1339 577 decernit
1368 527 1636 572 sententiam‘
1656 523 1922 568 enuntiando.

388 620 480 662 Non
503 622 598 658 sunt
624 618 762 669 itaque
793 627 816 652 a
844 611 918 652 deo
947 604 1329 664 pseudoprophetae
1353 600 1489 651 missi,
1517 610 1650 651 neque
1671 608 1787 649 reges
1808 592 1925 647 impii

390 687 630 729 recedentes
653 698 676 724 a
697 682 884 731 domino,
916 677 986 719 sed
1011 677 1086 716 etsi
1111 674 1343 714 excitantur
1363 668 1459 709 mali
1483 670 1625 707 contra
1644 663 1774 705 malos
1795 663 1925 702 inter-

392 758 488 797 dum
511 755 744 795 dimittente
769 749 981 799 dominoss⁷
1003 745 1016 767 ³
1034 745 1106 784 hoc
1131 742 1308 795 ¹‹.;·ig·nitur
1328 737 1397 778 6ut
1416 734 1536 776 malis
1557 732 1655 774 mali
1678 742 1925 773 consuman-

390 830 467 866 tur.
500 823 603 864 Boni
625 821 778 862 etenim
800 817 1051 857 sustinentes
1075 810 1416 866 persecutionem,
1438 807 1478 844 et
1499 803 1700 843 iustitiam
1726 798 1928 841 habentes

392 892 501 948 apud
523 891 747 939 dominum,
769 883 1124 940 ⁷1·epensationem
1146 889 1335 929 magnam
1358 873 1483 914 futuri
1505 871 1724 926 expectant
1744 866 1928 922 praemii.

392 962 487 1003 Mali
509 964 646 1001 autem
669 957 758 997 ideo
782 969 804 995 a
824 952 964 1002 malis,
994 962 1075 990 non
1105 946 1237 988 solum
1266 944 1406 995 bonis,
1433 938 1640 981 interdum
1661 937 1933 992 perimuntur,

393 1035 439 1071 ut
459 1029 621 1070 illorum
644 1025 837 1078 iniquitas
860 1022 983 1061 etiam
1005 1020 1048 1058 in
1068 1016 1145 1057 hoc
1169 1013 1305 1055 seculo
1329 1025 1377 1052 cx
1399 1013 1514 1065 parte
1536 1007 1742 1062 puniatur.

481 1098 650 1138 vrci—rao
672 1097 830 1134 motum
850 1088 1031 1130 haeresis
1055 1082 1257 1139 quaedam
1278 1094 1360 1121 non
1391 1078 1455 1119 dci
1478 1077 1659 1117 iussione
1681 1077 1724 1114 et
1742 1071 1932 1125 indigna·

395 1169 506 1208 tione
539 1166 643 1216 sieri.
672 1161 742 1202 scd
773 1159 941 1200 2natura
972 1157 1061 1210 ipsa
1089 1152 1387 1193 elementorum
1417 1147 1628 1200 opinatur,
1661 1155 1755 1184 cum
1774 1142 1934 1194 ignoret

398 1235 494 1290 quid
518 1234 627 1274 dicat
643 1231 886 1284 scriptumst:
914 1224 997 1276 Qui
1011 1221 1252 1275 ³con.s·pz’c·i'.s‘‚
1275 1217 1421 1271 inquit,
1443 1221 1611 1265 terram,
1633 1218 1670 1252 et
1690 1225 1780 1252 eam
1799 1208 1933 1250 “com—

396 1318 528 1345 mores·
550 1309 683 1342 terrae
705 1304 826 1337 motu.
858 1293 931 1334 f’Et
953 1290 1124 1332 iterum¹'
1147 1288 1299 1328 adhuc:
1323 1284 1415 1340 Eyo
1436 1281 1600 1323 movebo
1623 1279 1783 1322 caelum
1803 1284 1840 1319 et
1854 1283 1935 1317 ter-

398 1388 502 1414 ram.
532 1370 625 1411 Non
646 1365 906 1408 attendentes
930 1361 994 1402 dei
1016 1358 1244 1414 potentiam
1265 1353 1562 1394 elementorum
1583 1352 1754 1390 naturae
1776 1345 1935 1387 adscri-

401 1442 495 1483 bere
519 1438 671 1480 audent
693 1433 899 1490 potentiae
921 1430 1159 1478 motionem,
1180 1428 1225 1465 ut
1246 1421 1414 1477 quidam
1434 1417 1668 1475 philosophi
1695 1414 1836 1467 ssvani,
1867 1413 1937 1467 qui

402 1522 538 1550 rerum
565 1510 733 1547 naturae
763 1502 839 1542 hoc
869 1496 1151 1539 adscribentes
1181 1492 1246 1533 dei
1275 1490 1500 1546 potentiam
1531 1500 1614 1528 non
1646 1484 1937 1539 cognoverunt.

404 1577 519 1628 Quod
541 1576 665 1616 etiam
686 1574 728 1613 in
748 1566 985 1611 huiusmodi
1013 1563 1134 1605 rebus
1163 1559 1393 1613 indignatio
1423 1556 1488 1598 dei
1516 1559 1558 1596 et
1582 1553 1768 1610 potentia
1795 1563 1938 1606 opera-

402 1652 482 1694 tur.
505 1649 545 1685 et
566 1656 682 1683 suam
703 1640 715 1663 ⁷
731 1639 986 1681 commonetc
1010 1636 1252 1682 creaturam,
1275 1625 1555 1670 conversionis
1578 1635 1703 1664 causa
1722 1624 1764 1662 et
1782 1618 1940 1661 utilita-

403 1717 456 1755 tis·
479 1715 629 1767 quippe
650 1708 874 1751 multorum
895 1702 1157 1759 peccantium
1177 1712 1224 1740 ac
1253 1695 1517 1739 redeuntium
1543 1691 1596 1734 ad
1624 1690 1838 1733 dominum
1859 1685 1941 1729 sal-

404 1787 589 1824 vatorom
611 1783 732 1832 atquc
757 1779 995 1817 creatorem.
1543 1762 1554 1772 ⁸

492 1849 585 1891 Alia
607 1852 669 1888 est
688 1845 870 1887 haeresis
893 1855 996 1897 quae
1018 1835 1270 1881 lsecundum
1290 1844 1544 1890 paganorum
1559 1828 1813 1872 vanitatema
1834 1823 1943 1866 side-

496 1995 528 2030 4.
554 1998 588 2028 et
604 1995 639 2028 in
654 1993 718 2027 hoc
736 1992 781 2026 A.

409 2053 574 2086 magnam
590 2040 742 2073 futuram
759 2038 804 2071 A.

851 1989 883 2025 5.
908 1988 973 2023 hoc
994 2000 1054 2022 om.
1074 1986 1119 2020 A.

1191 1984 1222 2019 6.
1247 1986 1285 2017 ut
1307 1992 1328 2016 a
1349 1979 1450 2015 malis
1473 1977 1519 2012 A.

1589 1975 1621 2011 7.
1646 1972 1947 2021 repromissionem

477 2085 485 2086 ’
499 2087 581 2131 Cap.
598 2085 665 2119 CII.
684 2087 717 2116 ιή
735 2084 808 2116 ube.
824 2083 1021 2124 inscriptum
1039 2078 1139 2111 habet
1152 2076 1204 2109 De
1223 2085 1356 2108 ’1111111Αο
1374 2082 1466 2105 Μοτν
1484 2078 1662 2103 amnuens.
1681 2086 1724 2091 —
1758 2065 1786 2098 1.
1803 2064 1881 2098 Alia
1896 2066 1950 2096 est

410 2133 559 2167 haeresis
587 2141 674 2175 quae
701 2133 811 2162 terrae
838 2130 971 2160 motum
994 2135 1063 2157 11011
1091 2122 1144 2156 dei
1166 2122 1210 2156 A.

777 2172 808 2206 ἵ).
835 2172 982 2215 Vulyata
1001 2171 1168 2202 distinctio
1186 2172 1234 2200 est
1246 2165 1290 2198 Et
1304 2165 1444 2198 iterum:
1463 2159 1572 2194 adhuc
1588 2168 1652 2203 ego
1670 2163 1744 2192 cett.

410 2181 442 2214 4.
462 2181 651 2212 commovet
668 2175 713 2209 A.

411 2225 505 2269 loqui
523 2223 581 2267 qui
597 2222 642 2256 A.
713 2219 745 2253 7.
764 2221 957 2251 commovet
974 2229 1002 2250 c,

1281 2119 1313 2154 2.
1337 2119 1377 2151 de
1401 2120 1523 2150 natura
1547 2114 1592 2148 A.
1663 2110 1695 2146 3.
1714 2109 1881 2156 conspicit
1902 2109 1948 2142 A.

1808 2154 1839 2190 6.
1853 2154 1951 2189 vani-

503 2269 584 2313 Cap.
602 2266 685 2300 CIII.
702 2268 738 2297 in
755 2264 827 2296 abe.
845 2264 1039 2305 inscriptum
1058 2266 1107 2292 est
1122 2258 1294 2292 HAEnesrs
1312 2264 1439 2288 ili-:nmis
1464 2260 1681 2286 rmsmnms'rt
1697 2259 1743 2281 nn
1760 2255 1951 2280 Pecomnvs

414 2328 456 2350 ET
473 2324 673 2349 synemssvs.
693 2329 736 2334 —-

414 2362 564 2396 vanitate
582 2357 783 2403 (vanitatem
801 2354 864 2397 A.)
881 2352 1006 2386 ABah.

460 2486 491 2518 d.
515 2494 626 2528 neque
647 2493 707 2527 per
728 2479 886 2525 spiritum
905 2477 1037 2519 meum]
1059 2475 1151 2509 Haec

417 2531 545 2565 addidit
559 2528 726 2562 Philaster
742 2537 787 2559 ex
805 2524 927 2559 Genes.
944 2522 999 2556 VI.
1017 2522 1047 2555 3.
1077 2521 1151 2563 (F.)

462 2588 489 2609 e.
507 2576 547 2608 de
560 2570 883 2619 pseudoprophetis]
896 2569 1015 2602 Ierem.
1024 2566 1152 2600 XXIII.

421 2621 534 2656 16:21.
557 2617 739 2661 7,Οἱότωςλέ
762 2609 1152 2660 εικύριοςπαντοκρὰτωρ·

420 2667 478 2700 οὐκ
499 2663 695 2698 ἀπέστελλον
709 2674 782 2700 τους
800 2659 977 2706 προφήτας,
994 2657 1047 2690 καὶ
1064 2656 1154 2689 αὐτοὶ

421 2711 562 2757 ἔτρεχον,
586 2708 660 2742 οὐδὲ
683 2706 827 2749 ἐλάλησα
849 2705 929 2750 πρὸς
952 2702 1079 2746 αὐτοὺς7
1103 2701 1154 2734 καὶ

421 2757 512 2791 αὐτοὶ
528 2753 775 2800 ἐπροφήτευον.”
822 2751 896 2794 (F.)

466 2803 490 2836 f.
514 2799 733 2841 sententiam]
756 2797 801 2831 Ut
816 2796 836 2830 3
853 2796 938 2840 Reg.
958 2793 1008 2827 13.
1056 2792 1130 2835 (F.)

441 2859 500 2927 Fg.
528 2846 718 2880 dimittente
745 2842 898 2884 domino]
927 2839 1157 2874 Permittente.

424 2896 440 2934 (
475 2894 545 2927 abr.
686 2894 709 2917 ³³-
735 2909 738 2911 -

470 2897 636 2983 CapJCII.
653 2955 696 2960 --
713 2944 742 2967 a.
760 2933 850 2967 dicat
866 2930 1047 2976 scriptura]
1069 2928 1158 2962 Psal.

427 2984 508 3019 CIV.
525 2982 578 3017 32.
606 2980 665 3023 »Ὁ
684 2978 864 3023 ἐπιβλέπων
882 2976 932 3010 ἐπὶ
949 2975 1004 3019 τὴν
1018 2975 1088 3020 γῆν,
1108 2972 1159 3006 καὶ

426 3031 528 3063 ποιῶν
545 3026 641 3070 αὐτὴν
658 3023 813 3071 τρέμειν.”
861 3022 935 3065 (F)

471 3076 503 3108 b.
528 3072 721 3114 etiterum]
745 3051 955 3115 naggaei'n.
971 3066 1024 3101 21.
1051 3062 1160 3108 ,Ἐγὼ

774 2309 803 2343 l.
822 2306 1011 2341 secundum
1038 2314 1254 2350 paganorum
1280 2301 1467 2335 vanitatem
1492 2309 1520 2332 c.
1544 2294 1716 2341 pecudum
1737 2301 1952 2339 paganorum

1220 2472 1294 2506 σείω
1311 2471 1366 2504 τὀν
1385 2466 1519 2514 οὐρανὸν
1536 2464 1588 2499 καὶ
1605 2463 1660 2508 τὴν
1677 2463 1769 2510 γῆν.”
1797 2462 1955 2497 Fortasse

1220 2517 1311 2563 apud
1325 2513 1544 2550 Philastrium
1560 2510 1792 2545 scribendum:
1816 2508 1885 2550 „Et
1897 2511 1955 2541 ite-

1219 2576 1291 2597 rum
1310 2562 1439 2596 adhuc.-
1462 2558 1536 2602 Eyo
1555 2557 1685 2590 movebo
1702 2556 1830 2589 caelum
1847 2560 1879 2587 et
1893 2559 1956 2587 ter—

1220 2608 1326 2642 ram.’'
1373 2606 1446 2648 (F.)
1743 2607 1760 2629 θ

1267 2665 1295 2687 0.
1320 2649 1527 2691 commovet]
1548 2647 1600 2681 Ita
1619 2647 1728 2681 malui
1749 2656 1854 2692 quam
1873 2656 1957 2678 com-

1222 2705 1338 2733 monet.
1385 2696 1458 2739 (F.)
1527 2712 1540 2730 ι

1246 2744 1328 2788 Cap.
1343 2741 1426 2776 CIII.
1440 2760 1481 2764 ——
1499 2750 1528 2773 a.
1545 2738 1734 2772 secundum
1745 2745 1960 2782 paganorum

1224 2788 1426 2830 vanitatem]
1445 2785 1497 2819 Ita
1510 2784 1647 2830 reposui
1662 2794 1723 2828 pro
1740 2794 1780 2816 eo
1795 2780 1885 2827 quod
1900 2779 1959 2814 ha-

1224 2836 1354 2869 bebant
1370 2832 1550 2867 editiones:
1568 2830 1735 2874 pecudum
1745 2837 1960 2872 paqanorum

1225 2883 1386 2914 vanitate.
1417 2876 1598 2911 Caeterum
1619 2872 1881 2908 condonandum
1894 2870 1960 2904 hoc

1226 2924 1424 2965 Philastrio‚
1454 2921 1543 2966 quod
1568 2920 1638 2953 zelo
1662 2917 1844 2952 immodico
1864 2916 1960 2951 abre-

1226 2975 1306 3017 ptus
1327 2971 1542 3004 innocentem
1564 2965 1714 2998 siderum
1728 2962 1962 2997 nomenclatu-

1227 3027 1302 3050 ram
1322 3026 1383 3060 pro
1407 3011 1542 3048 ethnica
1563 3010 1715 3045 vanitate
1736 3007 1905 3049 traduxit,
1929 3009 1963 3039 et

1228 3061 1426 3098 haeresibus
1442 3056 1582 3095 ridicule
1599 3054 1782 3092 accensuit.
1828 3052 1903 3096 (F.)
