2052 3374
673 201 724 226 DE
744 199 979 227 HAERESIBCS
998 199 1120 225 LIBER.
1584 198 1662 239 155

120 309 190 362 lis,
209 310 273 360 et,
292 306 529 362 Rapiemur
546 308 592 348 in
613 305 811 358 caelnmss,
826 310 881 357 et,
900 304 1074 346 Erimus
1094 317 1254 360 semper
1274 303 1393 345 ⁷cum
1412 301 1586 344 Christo.
1613 300 1665 342 Et

120 375 310 418 dominus
330 374 524 429 dignatus
545 379 609 416 est
630 374 801 426 dicereh,
822 373 963 426 Pater,
985 372 1059 414 ube·
1077 388 1148 428 eqo
1169 387 1274 425 sum,
1295 372 1385 413 volo
1406 372 1461 412 Set
1482 372 1552 412 isti
1568 372 1663 411 sint.

201 443 311 486 Sunt
328 443 499 498 quidam
514 443 754 484 dubitantes
770 442 992 484 haerctici³
1013 441 1063 482 de
1082 441 1146 482 dic
1162 441 1490 496 Epiphaniorum
1506 439 1663 481 domini
1689 460 1756 491 Car·-

119 511 348 565 salvatoris,
369 513 442 566 qui
462 511 693 553 celebratur
709 515 851 553 octavo
869 510 966 551 Idus
982 510 1208 562 Ianuarias,
1229 509 1415 550 dicentes
1433 508 1567 550 solum
1588 523 1662 549 na-

118 580 244 622 talem
265 580 415 622 debere
437 594 508 622 eos
530 580 736 622 celebrare
759 579 914 621 domini
935 584 1077 620 octavo
1100 578 1304 619 Calendas
1325 578 1560 630 Ianuarias,
1580 591 1666 618 non

118 652 258 690 tamen
278 648 391 690 diem
407 648 754 704 Epiphaniorum3
775 649 1010 701 ignorantes
1032 646 1143 701 quod
1164 646 1241 687 sub
1263 646 1350 700 lege
1373 650 1415 687 et
1435 646 1665 688 secundum

118 716 263 760 ldeum
281 717 464 761 salvator
485 717 704 760 carnaliter
724 717 864 758 omnia
883 717 927 757 in
948 729 992 757 se
1014 719 1054 755 et
1075 715 1125 756 de
1147 728 1191 756 se
1209 715 1538 768 consummabat,
1558 720 1606 756 ut
1625 718 1666 756 et

207 875 239 910 7.
256 886 337 910 cum
353 875 488 911 Christo
505 876 627 921 inquit.
650 875 694 910 Et
709 876 754 909 A.

812 874 844 909 8.
861 878 899 908 ut
915 878 949 908 et
964 874 1022 907 isti
1037 856 1107 907 sint
1120 884 1259 908 mecum
1274 874 1320 908 A.

206 931 290 978 Cap.
306 933 407 968 CXL.
425 934 641 967 desideratur
654 935 690 966 in
707 932 817 967 Babc.
833 931 994 965 Ser-ravit
1006 943 1090 963 unus
1104 931 1151 965 A.
1170 951 1215 956 —-
1253 931 1281 964 l.
1299 930 1411 972 deum,
1435 932 1522 975 quod
1537 933 1665 965 ‹le-side-

117 984 216 1013 ratur
231 981 267 1012 in
283 981 410 1022 codice,
425 981 562 1025 reposui
576 991 616 1012 ex
629 979 763 1023 syllaba
772 979 878 1023 finali
892 977 1047 1011 vocabuli
1057 978 1144 1022 quod
1153 978 1344 1022 praec-edit.

116 1127 183 1161 tuit
198 1126 388 1162 Cotelerius
403 1127 462 1162 111.
488 1127 704 1162 Monument.
726 1138 761 1172 p.
777 1126 854 1161 543.

117 1184 197 1208 cum
212 1174 248 1207 in
265 1173 364 1207 editis
381 1177 472 1208 esset
488 1176 694 1207 mirantium.
743 1173 815 1215 (F.)

161 1229 186 1264 f.
209 1231 365 1276 apostolo
379 1228 528 1274 dicente]
554 1229 639 1264 Phil.
656 1229 713 1264 111.
727 1229 780 1263 20.
799 1241 856 1263 su-

116 1285 179 1322 pra
193 1287 223 1310 0.
243 1275 317 1311 134.
336 1288 369 1322 p.
387 1276 463 1311 291.
511 1276 586 1320 (F.)

118 1343 195 1412 Hg—
209 1332 398 1411 ,ἓξ-1110111101,-
409 1333 628 1412 i¹.¹0⁰⁸‘›³l¹¹ff¹{]s
642 1332 856 1404 lsfiss‘ffsf'sslrv'

116 1405 206 1466 ..235
218 1389 857 1469 ..z-¹:{12500-.⁵²;2.².}};i*;.23‘2352.z‚²3-:}5-

116 1480 190 1504 τοτε
205 1469 264 1503 obv
281 1469 383 1515 κυρίῳ
400 1469 572 1515 ἐσόμεθα.”
620 1470 695 1511 (F.)

158 1525 206 1561 h.·
217 1527 378 1570 dominus
395 1527 558 1573 dignatus
575 1532 627 1561 est
643 1526 769 1570 dicere]
805 1527 857 1561 Io-

115 1572 220 1607 hami.
235 1573 344 1607 XVII.
363 1573 426 1629 24}
451 1571 600 1629 »Ποῖ-ἦε,
630 1572 684 1629 0³:⁸03
713 1571 856 1628 δείδω-,κάς

117 1630 188 1666 {2:⁰¹²
214 1617 302 1651 θέλω
322 1618 378 1652 ἵνα
409 1631 492 1652 σπου
516 1617 579 1664 εἰμ’,
603 1617 690 1663 ἐγω,
717 1630 857 1651 κακεινοι

119 1667 181 1698 ὠσι
197 1664 265 1710 μετ’
278 1662 392 1709 ε’μοῦ.”
439 1665 513 1708 (F.)

161 1719 246 1767 Cap.
265 1720 366 1756 CXL.
382 1742 427 1747 —
450 1732 481 1756 a.
498 1721 588 1756 Sunt
604 1722 745 1767 quidam
761 1721 858 1756 dubi-

115 1769 229 1801 tantes
243 1765 420 1811 haeretici]
460 1767 606 1802 Additur
621 1769 689 1802 alia
705 1767 857 1802 haeresis

116 1811 160 1847 de
181 1812 235 1846 die
255 1812 544 1858 Epiphaniorum,
567 1824 637 1859 qua
660 1814 860 1847 statuebant

115 1858 275 1893 nonnulli
295 1859 409 1893 solum
438 1859 590 1892 natalem
620 1859 751 1893 domini
773 1860 859 1892 cele-

116 1904 209 1938 brari
220 1904 342 1938 debere
356 1910 476 1938 octavo
484 1904 659 1939 Kalendas
671 1905 858 1945 Ianuarias,

115 1953 320 1985 nontamen
344 1950 436 1984 diem
450 1950 740 1996 Epiphauiorum,
762 1951 858 1984 cuius

48 2031 55 2038 ,
117 1995 307 2030 sententiae
323 1999 510 2030 sectatores
534 1996 641 2030 fuisse
659 1996 858 2029 Donatistas

117 2040 201 2076 olim
229 2041 266 2074 in
286 2041 403 2076 Africa
425 2046 544 2076 auctor
567 2047 620 2075 est
642 2042 858 2086 Augustinus

117 2085 226 2121 Serm.
243 2085 287 2120 32
309 2087 351 2121 de
372 2092 477 2133 temp.
503 2088 562 2132 qui
585 2092 637 2120 est
660 2092 801 2131 quartus
819 2087 859 2121 de

116 2131 340 2178 Epiphania:'
359 2133 503 2175 „Merito
526 2133 632 2166 istum
660 2133 751 2166 diem
773 2144 860 2166 nun·

117 2188 223 2224 quam
234 2178 416 2212 nobiscum
423 2178 793 2213 haereticiDonatistae
807 2189 860 2212 ce-

116 2223 251 2259 lebrare
272 2224 473 2267 voluerunt,
499 2224 578 2269 quia
600 2235 664 2257 nec
691 2224 860 2258 unitatem

118 2272 247 2311 amant,
262 2279 327 2304 nec
342 2270 502 2304 orientali
519 2270 700 2310 ecclesiae,
724 2270 784 2303 ubi
800 2280 860 2315 ap·

117 2315 233 2360 pauit
246 2315 309 2348 illa
323 2316 435 2357 stella,
452 2315 740 2350 communicant.''
778 2314 805 2348 F
808 2327 860 2349 or-

117 2363 211 2395 tasse
233 2360 340 2395 etiam
360 2360 564 2395 Philasrrius
591 2360 678 2394 adeo
702 2365 860 2394 accurate

117 2408 302 2451 utrumque
310 2406 400 2440 diem
409 2407 538 2452 disting
543 2407 654 2447 nebat,
668 2411 701 2439 et
709 2406 862 2440 natalem

119 2450 259 2493 domini,
275 2455 310 2486 et
325 2451 512 2486 adventum
528 2462 728 2496 magorum,
745 2451 859 2485 dicens

167 2496 213 2531 od
226 2497 378 2531 salvator
394 2498 576 2532 carnaliter
593 2497 708 2530 omnia
721 2497 755 2530 in
773 2509 809 2531 se
827 2502 860 2531 et

141 2553 162 2576 e
177 2553 215 2576 se
237 2544 520 2584 consummabat,
544 2548 583 2576 ut
605 2547 638 2576 et
661 2547 860 2576 nasceretur

119 2586 209 2622 VIII.
220 2587 299 2623 Kal.
314 2587 386 2622 Ian.
403 2593 439 2622 et
452 2593 631 2634 appareret
649 2587 722 2628 vt,
739 2589 860 2633 supple

120 2632 250 2668 seilicet
275 2637 378 2668 sexto
405 2634 461 2668 die
492 2633 662 2668 eiusdem:
695 2637 728 2666 et
755 2634 858 2678 paulo

119 2681 214 2724 pose:
237 2678 311 2713 dies
334 2679 532 2713 festivitatis
548 2679 695 2712 maiores
718 2679 777 2712 isti
792 2683 860 2712 sta·

119 2724 187 2758 tuti
201 2727 283 2758 sunt
298 2728 463 2770 quatuor,
484 2725 635 2770 primum
658 2724 692 2757 in
715 2735 783 2768 quo
800 2735 860 2758 na·

119 2771 178 2804 tus
193 2773 257 2811 est,
272 2769 394 2804 deiude
410 2771 448 2804 in
465 2781 532 2815 quo
558 2769 717 2815 apparuit
727 2795 735 2806 ,
758 2768 792 2803 id
807 2775 861 2803 est

119 2812 188 2849 111
201 2813 275 2848 dies
289 2818 387 2860 post;
409 2820 449 2850 ut
472 2816 611 2849 Graecis
633 2821 860 2857 succenseret,

50 2880 58 2889 ο
121 2869 184 2939 ffi
201 2870 386 2905 magorum
416 2861 651 2895 adorationem
674 2859 762 2893 vul.
784 2859 860 2894 Kal.

182 2906 298 2940 uarias
314 2906 434 2940 eadem
446 2906 500 2940 die
514 2917 592 2940 cum
606 2905 734 2939 domini
748 2906 860 2939 natale

120 2950 337 2994 recolebant,
352 2951 643 2997 quemadmodum
661 2950 771 2995 prodit
788 2951 860 2984 Me-

230 2996 302 3031 'um
337 2999 411 3031 tam
441 2997 556 3032 Sirleti
593 3006 697 3042 quam
728 2995 861 3039 Basilii,

124 3048 192 3085 ⁸15!
227 3040 477 3077 Florentinium
489 3043 524 3076 in
536 3043 608 3076 suis
628 3041 671 3075 ad
682 3040 860 3076 Vetustius

925 1125 1141 1160 Occidentale
1161 1125 1451 1170 Martyrologium
1473 1126 1666 1158 annotatio-

924 1173 1026 1206 nibus
1042 1172 1163 1205 Exere.
1180 1172 1212 1205 4.
1229 1183 1261 1216 p.
1281 1170 1356 1205 235.
1390 1171 1480 1204 Sane
1498 1170 1665 1204 Florenti-

924 1219 1002 1252 nius
1026 1218 1098 1263 ipse
1120 1217 1276 1263 pluribus
1292 1228 1325 1262 p.
1349 1216 1426 1251 937.
1453 1218 1666 1260 argumentis

926 1263 1099 1298 contendit
1129 1263 1249 1297 eadem
1285 1263 1339 1296 die
1379 1262 1432 1296 25.
1468 1262 1666 1297 Decembris

926 1314 1108 1354 utrumque
1137 1309 1358 1353 mysterium,
1391 1308 1579 1341 nativitatis
1610 1309 1666 1342 do-

926 1356 1013 1389 mini
1036 1359 1070 1389 et
1092 1354 1257 1388 adventus
1279 1365 1478 1399 magorum,
1509 1356 1666 1398 quamvis

926 1401 1060 1435 diverso
1091 1411 1198 1442 anno,
1229 1401 1364 1433 evenire
1397 1401 1549 1445 potuisse
1560 1428 1568 1442 ‚
1598 1412 1665 1446 quo

926 1448 1031 1480 etiam
1057 1446 1203 1480 fortasse
1232 1446 1379 1487 confert,
1410 1446 1501 1490 quod
1523 1451 1667 1491 uterque

927 1493 998 1526 dies
1022 1492 1147 1533 festus,
1168 1496 1242 1525 tam
1263 1492 1388 1525 natalis
1410 1491 1541 1525 domini
1564 1503 1668 1538 quam

927 1538 1094 1572 adventus
1112 1542 1145 1571 et
1161 1537 1371 1571 adorationis
1388 1547 1590 1582 magorum,
1608 1549 1667 1584 ap-

925 1585 1073 1629 pellatus
1095 1583 1197 1617 fuerit
1212 1582 1420 1628 Epiphania,
1446 1587 1484 1617 ut
1507 1585 1669 1618 observat

926 1630 1077 1664 Macrius
1099 1630 1136 1663 in
1157 1629 1391 1670 Hierolexico,
1417 1634 1450 1663 et
1474 1629 1599 1663 Suidas
1617 1631 1666 1664 in-

927 1676 1161 1709 carnationem
1170 1676 1280 1733 ipsam
1289 1674 1367 1708 Iesu
1380 1674 1507 1708 Christi
1519 1675 1667 1721 Epipha-

926 1722 1021 1755 niam
1037 1725 1151 1755 vocat:
1172 1749 1186 1763 „
1204 1719 1390 1765 Enipi-1522,
1408 1719 1427 1762 ἦ
1445 1723 1503 1753 τοῦ
1521 1724 1668 1766 τωτῆρος

926 1766 1020 1812 ’ἡμῶν
1033 1765 1141 1809 Ἰησοῦ
1149 1767 1286 1812 Χριστοῦ
1300 1764 1454 1810 &to-:4203
1468 1765 1668 1813 cimanum*

926 1813 1031 1847 Recte
1054 1817 1170 1846 autem
1190 1812 1253 1846 1100
1279 1813 1353 1846 1000
1369 1811 1572 1846 Philastrius
1590 1814 1668 1858 Epi-

926 1858 1073 1904 phaniae
1095 1859 1234 1892 nomine
1256 1858 1415 1899 designat
1432 1859 1670 1893 adorationem

927 1915 1119 1949 magorum,
1137 1905 1292 1949 quamvis
1306 1905 1399 1943 alibi,
1413 1915 1536 1949 nempe
1554 1916 1581 1937 c.
1596 1906 1668 1939 142).

927 1951 1166 1984 ascensionem
1179 1950 1308 1983 domini
1316 1949 1545 1995 Epiphaniam
1558 1956 1668 1993 vocet,

928 1997 1030 2029 sicuti
1046 1996 1177 2029 notavit
1193 1995 1235 2028 ad
1252 2007 1332 2029 eum
1348 1996 1462 2030 locum
1479 1995 1668 2038 Fabricius,

928 2042 984 2075 cui
1000 2053 1062 2076 uos
1077 2052 1213 2087 quoque
1226 2042 1482 2075 consensimus:
1499 2041 1554 2075 hic
1567 2053 1667 2087 porro

929 2093 1076 2132 quatuor
1103 2088 1250 2121 maiores
1290 2087 1362 2120 dies
1394 2087 1500 2121 festos
1533 2098 1667 2121 annuos

929 2133 1095 2177 assignat,
1113 2133 1240 2166 scilicet
1256 2134 1408 2166 natalem
1425 2133 1572 2174 domini,
1589 2134 1668 2179 Epi-

926 2178 1102 2224 phauiam,
1118 2179 1218 2213 tertio
1235 2178 1324 2212 diem
1341 2179 1376 2212 in
1393 2190 1461 2223 quo
1477 2189 1600 2224 passus
1618 2183 1670 2213 est

928 2230 962 2258 et
977 2225 1175 2265 resurrexit,
1192 2229 1312 2269 quarto
1330 2225 1364 2257 in
1382 2236 1450 2269 quo
1464 2225 1617 2258 ascendit
1634 2226 1669 2259 in

928 2271 1061 2304 caelum
1088 2270 1177 2304 circa
1202 2270 1445 2310 Pentecosten:
1478 2271 1562 2304 alibi
1589 2282 1668 2305 vero

927 2326 954 2350 0.
977 2316 1049 2349 141.
1067 2320 1142 2349 octo
1158 2316 1359 2349 festivitates
1382 2322 1561 2350 enumerat
1583 2327 1668 2361 quas

928 2362 1072 2395 ecclesia
1088 2361 1257 2395 catholica
1279 2362 1456 2405 cognoscit
1472 2366 1507 2395 et
1530 2362 1668 2403 detinet,

927 2407 987 2440 sed
996 2407 1103 2441 ferme
1113 2407 1250 2441 eaedem
1259 2412 1340 2440 sunt
1353 2418 1438 2451 quas
1452 2406 1506 2440 hic
1521 2419 1668 2441 comme-

927 2459 1050 2493 morat,
1073 2452 1197 2486 additis
1212 2458 1347 2486 tantum
1371 2453 1418 2486 ibi
1441 2453 1568 2486 ieiunio
1587 2464 1669 2498 qua-

927 2498 1142 2543 dragesimae
1166 2503 1198 2532 et
1223 2503 1343 2543 quarta
1359 2498 1512 2539 sabbati,
1538 2498 1578 2531 de
1595 2499 1669 2543 qui-

927 2544 992 2577 bus
1009 2543 1097 2584 vide,
1114 2544 1144 2577 si
1160 2544 1264 2583 lubet.
1279 2548 1397 2577 notata
1411 2553 1430 2576 a
1449 2542 1497 2576 C1.
1515 2543 1667 2577 Fabricio

927 2589 962 2622 in
979 2600 1058 2623 eum
1076 2589 1198 2627 locum,
1216 2590 1266 2622 uti
1282 2589 1385 2622 etiam
1398 2599 1487 2633 quae
1500 2600 1563 2622 nos
1577 2589 1669 2622 adie-

927 2635 1048 2668 cimus.
1094 2634 1218 2668 Subdit
1248 2640 1422 2679 postremo
1454 2633 1667 2675 philastrius,

928 2680 1019 2725 quod
1043 2680 1181 2725 quidam
1205 2680 1296 2713 diem
1318 2678 1588 2724 Epiphaniorum
1611 2680 1668 2712 ba-

928 2726 1061 2770 ptismi,
1087 2726 1145 2758 alii
1167 2725 1480 2759 transformationis
1499 2726 1532 2758 in
1551 2731 1668 2758 monte

928 2771 1114 2815 quaefacta
1123 2776 1185 2810 est,
1199 2782 1274 2804 esse
1288 2771 1482 2816 opinantur,
1493 2770 1582 2814 quod
1593 2781 1668 2814 pro-

926 2816 1016 2850 fecto
1033 2822 1216 2860 utrumque
1233 2817 1318 2850 satis
1336 2816 1510 2859 congruit,
1528 2816 1557 2848 si
1575 2816 1668 2848 vocis

927 2862 997 2895 vim
1014 2865 1218 2906 spectemus,
1234 2873 1322 2907 quae
1340 2861 1589 2914 apparitionem
1606 2871 1668 2894 seu

928 2907 1243 2941 manifestationem
1282 2907 1471 2951 significat:
1524 2911 1668 2951 utroque

929 2953 1020 2985 enim
1045 2951 1097 2985 die
1121 2953 1279 2998 apparuit
1303 2963 1340 2985 ac
1359 2951 1599 2985 manifestatus
1617 2955 1668 2985 est

929 2997 1105 3039 dominus,
1129 3003 1162 3030 et
1185 3009 1266 3032 voce
1290 2998 1396 3042 patris
1420 3002 1454 3030 et
1469 2997 1666 3030 testimonio

927 3041 1099 3077 Iohannis.
1124 3041 1315 3085 (Galeardl

1777 459 1855 484 CXL.
