2052 3342
224 359 287 391 (lp.
309 359 369 384 vil.

208 1106 272 1138 Cap.
294 1106 369 1131 vill.

241 1584 305 1616 Cap.
328 1584 371 1609 lx.

242 2473 309 2505 Cap.
329 2473 375 2497 xi.

399 245 476 286 198
1065 240 1266 267 AUGUSTINI

480 347 784 400 Carpocratiani
815 348 912 385 sunt
940 359 964 385 a
991 344 1257 399 Carpocrate,
1287 345 1356 399 qui
1385 345 1561 386 docebat
1585 359 1751 387 omnem
1775 349 1939 401 turpem

396 415 695 470 operationem,
724 426 970 466 omnemque
994 413 1330 454 adinventionem
1358 413 1519 468 peccati
1536 445 1548 465 ,
1569 428 1645 455 nee
1673 413 1793 454 aliter
1819 413 1940 455 evadi

396 488 516 535 atque
548 482 715 522 transiri
747 481 1003 536 principatus
1035 485 1077 520 et.
1103 485 1351 536 potestates,
1383 481 1532 535 quibus
1560 482 1661 522 haec
1682 482 1870 536 placent,
1894 485 1941 522 ut

395 551 521 606 possit
553 550 605 591 ad
636 548 794 591 caelum
824 549 1011 603 superius
1043 549 1261 603 perveniri.
1312 549 1389 590 llic
1418 549 1544 590 etiam
1572 550 1709 590 Iesum
1729 549 1940 590 hominem

396 617 700 662 tantummodo,
732 623 771 657 et
800 618 847 658 de
878 623 1048 671 utroque
1078 632 1177 657 sexu
1207 621 1351 657 natum
1380 621 1547 672 putasse
1579 617 1838 672 perhibetur,
1867 616 1939 658 sed

395 687 605 741 accepisse
628 686 753 726 talem
775 685 959 725 animam
982 698 1085 738 quae
1109 685 1234 725 sciret
1255 699 1303 725 ea
1323 699 1425 738 quae
1454 699 1631 740 superna
1658 690 1798 727 essent
1817 690 1940 740 atque

396 755 614 795 nuntiaret.
650 754 1007 794 ltesurrectionem
1031 754 1212 807 corporis
1236 753 1357 794 simul
1377 767 1470 794 cum
1486 753 1575 806 lege
1591 753 1826 795 abiiciebat.
1857 754 1940 794 Ne-

395 824 513 876 gabat
539 838 561 862 a
586 823 660 863 den
684 823 860 873 factum,
883 821 955 862 sed
977 835 1001 861 a
1022 822 1161 861 nescio
1186 822 1335 875 quibus
1359 821 1580 863 virtutibus
1602 821 1815 862 mundum.
1867 821 1940 863 Se-

397 899 484 932 ctae
510 891 638 946 ipsius
660 891 785 931 fuisse
808 890 983 930 traditur
1005 890 1207 943 quaedam
1229 888 1488 941 Marcellina,
1517 903 1618 943 quae
1649 889 1811 931 colebat
1837 889 1940 931 ima-

396 960 510 1013 gines
533 960 625 999 lesu
654 963 694 999 et
715 958 831 999 Pauli
863 963 901 998 et
923 958 1090 999 Ilomeri
1120 963 1158 998 et
1181 958 1436 1011 Pythagorae
1467 956 1673 999 adorando
1701 957 1941 999 incensum-

398 1042 474 1082 que
498 1027 701 1082 ponendo.

481 1096 732 1136 Cerinthiani
764 1109 787 1135 a
813 1094 1005 1135 Cerintho
1028 1093 1220 1147 idemque,
1243 1093 1511 1135 Mei-inthiani
1531 1107 1555 1134 a
1574 1093 1801 1146 Merintho,
1820 1107 1942 1135 mun-

397 1164 494 1205 dum
516 1164 566 1204 ab
589 1163 745 1215 angelis
769 1164 923 1203 sactum
945 1176 1033 1202 esse
1059 1161 1259 1214 dicentes,
1281 1166 1322 1202 et
1343 1175 1464 1202 carne
1484 1161 1726 1203 eircumcidi
1743 1166 1944 1217 oportere,

396 1238 516 1286 atque
539 1232 618 1272 alia
639 1230 875 1271 huiusmodi
899 1230 998 1283 legis
1021 1234 1239 1285 praecepta
1263 1229 1430 1270 servari.
1461 1230 1601 1271 Iesum
1621 1229 1833 1271 hominem
1850 1234 1942 1271 tan-

398 1299 606 1340 tummodo
630 1299 769 1342 fuisse,
793 1312 867 1339 nee
893 1297 1180 1349 resurrexisse,
1203 1298 1276 1338 sed
1298 1302 1627 1339 resurrecturum
1642 1302 1942 1340 asseverantes.

396 1369 506 1410 Mille
530 1381 688 1422 quoque
712 1381 842 1407 annos
872 1372 964 1421 post
992 1366 1339 1407 resurrectionem
1365 1366 1410 1406 in
1438 1370 1601 1407 terreno
1630 1379 1756 1419 regno
1778 1366 1945 1420 Christi,

397 1436 625 1477 seeundum
648 1435 833 1476 carnales
856 1435 1012 1475 ventris
1035 1439 1076 1475 et
1098 1434 1281 1475 libidinis
1304 1433 1550 1489 voluptates,
1571 1434 1730 1476 futuros
1751 1434 1942 1476 fabulan-

398 1511 475 1547 tur.
498 1504 605 1545 unde
628 1506 751 1544 etiam
775 1503 1022 1545 ¹L'hiliastae
1046 1508 1143 1543 sunt
1165 1502 1377 1557 appellati.

483 1573 675 1614 'Nazaraei
700 1587 792 1613 cum
815 1572 879 1612 dei
905 1572 1035 1612 lilium
1057 1572 1331 1613 confiteantur
1353 1584 1444 1611 esse
1467 1570 1690 1623 Christum,
1720 1573 1859 1612 omnia
1879 1575 1942 1612 ta-

397 1656 493 1683 men
517 1642 666 1682 veteris
690 1640 789 1694 legis
813 1641 1053 1692 observant,
1082 1653 1185 1693 quae
1208 1639 1432 1680 Christiani
1458 1652 1532 1694 per
1563 1638 1833 1694 apostolicam
1859 1644 1944 1681 tra-

398 1711 597 1752 ditionem
623 1724 707 1751 non
739 1709 957 1750 ohservare
980 1708 1220 1761 carnaliter,
1249 1707 1322 1749 sed
1343 1707 1586 1763 spiritaliter
1605 1707 1836 1762 intelligere
1858 1707 1944 1750 1ᾶί-

398 1779 599 1820 dicerunt.

482 1847 710 1888 llebionaei
732 1845 940 1886 Christum
963 1846 1087 1886 etiam
1108 1843 1394 1886 tantummodo
1411 1843 1624 1886 hominem
1640 1843 1796 1886 dieunt.
1826 1844 1944 1887 Man-

399 1916 491 1957 data
515 1914 695 1956 earnalia
716 1914 816 1967 legis
835 1914 1069 1966 observant,
1093 1914 1452 1955 circumcisionem
1469 1912 1633 1954 seilicet
1649 1914 1799 1966 carnis,
1820 1916 1861 1954 et
1877 1927 1944 1954 ee-

399 1988 485 2024 tera
513 1998 537 2024 a
566 1996 740 2037 quorum
769 1982 961 2023 oneribus
989 1996 1062 2036 per
1089 1995 1243 2023 novum
1268 1984 1565 2023 testamentum
1595 1981 1760 2023 liberati
1790 1994 1943 2022 sumus.

398 2053 503 2093 Huic
535 2050 696 2091 haeresi
717 2050 971 2105 Epiphanius
996 2050 1241 2105 Sampsaeos
1271 2054 1312 2091 et
1339 2050 1578 2091 ¹Eleesaeos
1606 2051 1665 2090 ita
1687 2048 1873 2104 copulat,
1901 2053 1947 2090 ut

400 2121 475 2161 sub
499 2119 643 2160 eodem
666 2132 836 2159 numero
859 2123 1058 2172 tanquam
1078 2133 1162 2160 una
1183 2119 1237 2159 sit
1256 2118 1439 2159 haeresis
1461 2122 1608 2173 ponat,
1629 2117 1786 2172 aliquid
1806 2122 1946 2160 tamen

400 2191 599 2230 interesse
617 2188 869 2239 significans,
887 2189 1076 2241 quamvis
1094 2192 1134 2227 et
1150 2188 1191 2227 in
1211 2186 1559 2241 consequentibus
1576 2186 1768 2240 loquatur
1784 2185 1834 2227 de
1849 2186 1945 2239 illis,

400 2270 558 2312 ponens
580 2269 648 2296 eos
671 2255 748 2296 sub
770 2269 942 2295 numero
962 2269 1047 2296 suo.
1098 2254 1324 2296 2Eusebius
1351 2269 1447 2296 vero
1468 2254 1769 2296 Eleesaitarum
1789 2258 1946 2296 sectam

402 2337 730 2366 commemorans
760 2323 885 2363 tidem
912 2324 955 2363 in
984 2325 1271 2378 perseeutione
1295 2323 1394 2364 dicit
1414 2322 1647 2381 negandam
1668 2322 1878 2376 docuisse,
1905 2326 1947 2364 et

402 2395 443 2434 in
465 2392 587 2433 corde
611 2391 869 2433 servandam.

483 2461 764 2501 Valentiniani
785 2474 809 2500 a
828 2458 1068 2511 Valentino,
1095 2461 1165 2513 qui
1193 2459 1241 2500 de
1264 2463 1412 2500 natura
1436 2472 1574 2500 rerum
1599 2459 1732 2500 multa
1757 2459 1946 2502 sabulosa

402 2530 614 2582 confinxit,
634 2530 803 2581 triginta
823 2527 1002 2579 Aeonas,
1023 2527 1065 2567 id
1087 2532 1149 2568 est
1170 2528 1310 2569 secula
1330 2541 1520 2568 asserens
1543 2529 1751 2580 extitisse,
1772 2541 1945 2582 quorum

400 2599 651 2652 principium
678 2609 768 2637 esse
790 2595 1046 2636 Profundum
1075 2600 1115 2635 et
1137 2595 1376 2649 Silentium,
1405 2595 1515 2650 quod
1533 2595 1790 2637 Profundum
1820 2597 1945 2637 etiam

400 2666 567 2707 Patrem
588 2663 808 2720 1appellat.
845 2662 906 2704 Ex
928 2663 1076 2718 quibus
1100 2663 1258 2705 duobus
1279 2664 1393 2705 velut
1413 2677 1464 2705 ex
1484 2665 1671 2717 coniugio
1691 2665 1943 2719 processisse

492 2777 574 2822 Cap.
592 2776 682 2826 VIII,
697 2796 741 2801 —-
768 2776 795 2809 1.
814 2775 998 2810 Chih'astae
1015 2779 1095 2809 sunt
1111 2777 1296 2822 appellati]
1330 2777 1414 2811 Vide
1430 2776 1485 2809 lib.
1499 2774 1580 2809 XX.
1599 2777 1640 2810 de
1658 2775 1728 2810 C'iv.
1738 2776 1807 2809 Dei
1822 2788 1899 2821 cap.
1911 2775 1943 2809 7.

417 2823 542 2857 Bened.

403 2824 410 2868 (
492 2826 572 2913 Gali.
589 2868 650 2902 IX.
669 2888 712 2892 —
738 2868 765 2900 1.
784 2867 986 2910 didicerunt]
1027 2866 1111 2900 Vide
1129 2868 1183 2900 lib.
1203 2868 1232 2901 I.
1253 2874 1369 2901 eontra
1389 2866 1600 2900 etr-esconium
1617 2878 1693 2911 cap.
1709 2866 1766 2900 31.
1784 2866 1940 2912 (Bened.)

492 2914 572 2958 Cap.
590 2914 636 2948 X.
654 2933 697 2937 —
729 2913 758 2946 l.
783 2913 825 2945 In
855 2916 1001 2956 antiquis
1030 2914 1199 2945 codicibus
1228 2916 1389 2957 scriptum
1415 2914 1599 2957 reperimus
1631 2924 1704 2945 cam
1734 2915 1942 2956 aspiratione

402 2959 606 2993 Helcesaeos
617 2986 625 3000 ,
649 2965 681 2992 et
699 2961 794 3002 infra
810 2958 1080 2992 Helcesaitarum
1095 2969 1150 2991 seu
1167 2958 1446 2992 Helceseitarum.
1481 2956 1640 3002 (Bened.)
1710 2957 1741 2992 2.
1757 2957 1939 3000 Eusebius]

403 3005 523 3039 Euseh.
543 3005 598 3039 lib.
626 3004 685 3045 VI,
704 3015 778 3048 cap.
796 3003 852 3036 38.

492 3050 572 3094 Cap.
591 3049 651 3082 XI.
668 3068 712 3073 —
747 3049 774 3083 l.
791 3049 1037 3090 ΙΙΙὶσΙιαέίίηαε,
1062 3048 1269 3082 Colbertinus
1286 3056 1318 3082 et
1339 3049 1528 3083 Vaticanus
1545 3049 1648 3082 codex
1671 3049 1816 3082 addunt.-
1839 3047 1939 3082 silen-

403 3095 490 3128 tium
505 3099 660 3129 matrem.
697 3093 854 3139 (Bened.)
