2052 3374
691 199 742 223 DE
762 197 995 223 HAERESIBUS
1011 197 1133 222 LIBER.
1603 196 1683 236 219

140 303 343 346 ferendas.
392 303 443 344 Et
463 303 563 344 alias
587 303 754 357 quidem
772 303 863 358 ipse
894 305 1209 353 commemorat,
1237 300 1311 341 sed
1341 299 1444 341 mihi
1470 298 1683 354 appellan-

140 371 216 414 dae
249 370 441 412 haereses
470 385 554 413 non
582 372 787 413 videntur.
839 372 1112 424 Quascunque
1147 374 1286 410 autem
1321 368 1409 410 sine
1446 368 1683 410 nominibus

140 441 274 496 posui,
292 453 370 481 nec
390 440 480 494 ipse
503 454 646 482 earum
665 441 836 482 nomina
857 441 1203 480 commemoravit.

221 507 525 561 Lucifer-ianos,
549 523 574 549 a
602 508 790 550 Lucifero
821 507 1052 549 Caralitano
1084 508 1278 562 episcopo
1314 511 1475 548 exortos
1505 511 1547 547 et
1576 506 1683 548 cele—

141 576 267 618 briter
294 577 552 630 nominatos,
588 591 665 618 nec
693 577 948 632 Epiphanius
982 590 1058 617 nec
1084 575 1291 617 Philaster
1317 576 1426 617 inter
1454 575 1684 617 haereticos

137 644 296 700 posuit,
325 645 446 686 credo
474 645 759 687 tantummodo
788 645 991 697 schisma,
1021 658 1105 685 non
1132 644 1338 686 haeresim
1359 659 1426 685 eos
1450 644 1684 686 condidisse

139 712 367 755 credentes.
417 714 541 769 Apud
578 713 786 768 quendam
820 717 961 754 tamen
997 713 1113 754 cuius
1147 726 1301 754 nomen
1335 713 1380 754 in
1415 713 1561 754 eodem
1597 713 1684 754 eius

139 781 335 837 opusculo
370 795 455 823 non
484 784 646 835 inveni,
681 783 725 823 in
754 781 974 822 haereticis
1002 781 1285 823 Luciferianos
1317 782 1474 836 positos
1505 781 1586 835 legi
1614 795 1686 837 per

136 849 240 892 haec
250 849 396 892 verba:
418 850 681 904 Luciferiani,
694 850 841 905 inquit,
864 864 958 892 cum
978 854 1150 891 teneant
1169 852 1213 891 in
1231 850 1422 891 omnibus
1441 850 1687 892 catholicam

136 918 375 972 veritatem,
402 919 446 960 in
467 920 576 961 hunc
599 933 779 961 errorem
799 919 1093 960 stultissimum
1112 917 1405 973 prolabuntur,
1432 924 1478 960 ut
1506 919 1687 961 animam

138 986 278 1029 dicant
306 1001 356 1028 ex
384 988 662 1030 transfusione
693 987 904 1041 generari,
933 987 1159 1041 eademque
1190 986 1334 1028 dicunt
1362 992 1403 1028 et
1431 988 1480 1028 de
1503 1002 1623 1028 carne
1646 992 1686 1028 et

137 1054 189 1097 de
210 1055 346 1097 carnis
374 1069 465 1098 esse
493 1056 737 1098 substantia.
788 1055 893 1098 Utru
969 1069 1063 1110 ergo
1089 1055 1168 1096 iste
1197 1060 1366 1110 propter
1391 1055 1470 1097 hoc
1500 1056 1609 1110 quod
1636 1055 1685 1097 de

136 1123 276 1165 anima
293 1123 354 1165 ita
374 1126 560 1165 sentiunt
581 1123 632 1180 (si
652 1130 794 1166 tamen
814 1070 985 1166 verdb'a
1005 1123 1218 1177 sentiunt),
1240 1138 1309 1166 eos
1330 1124 1440 1165 inter
1456 1124 1686 1166 haereticos

137 1191 349 1247 ponendos
372 1206 464 1234 esse
486 1193 727 1247 crediderit,
755 1198 950 1247 recteque
980 1193 1224 1244 crediderit,
1253 1206 1306 1233 an
1334 1193 1462 1235 etiam
1483 1193 1518 1234 si
1539 1193 1582 1234 id
1602 1206 1686 1235 non

135 1260 351 1314 sentirent,
373 1263 459 1303 sive
478 1275 563 1303 non
585 1264 784 1315 sentiunt,
805 1262 896 1303 ideo
914 1266 1054 1303 tamen
1071 1261 1155 1302 sint
1175 1260 1388 1315 haeretici,
1410 1262 1506 1316 quia
1523 1262 1685 1303 dissen-

136 1328 297 1372 sionem
316 1343 436 1372 suam
454 1331 660 1386 pertinaci
680 1331 944 1372 animositate
967 1331 1197 1383 firmarunt',
1219 1330 1301 1371 alia
1318 1333 1503 1385 quaestio
1521 1334 1597 1385 est,
1611 1345 1684 1373 ne·-

136 1411 215 1453 que
234 1397 313 1440 hoc
334 1397 422 1440 loco
443 1398 548 1441 mihi
568 1399 731 1441 videtur
752 1413 842 1441 esse
863 1399 1093 1441 tractanda.

217 1465 512 1509 Iovinianistas
541 1482 701 1522 quoque
743 1467 853 1523 apud
885 1468 1014 1510 istum
1050 1468 1185 1523 reperi
1222 1482 1322 1522 quos
1359 1469 1444 1511 iam
1474 1483 1684 1512 noveram.

135 1535 174 1578 A
191 1534 404 1578 Ioviniano
428 1535 606 1590 quodam
626 1536 828 1578 monacho
849 1537 930 1579 ista
950 1536 1132 1578 haeresis
1163 1542 1251 1578 orta
1279 1542 1342 1578 est
1369 1543 1502 1580 aetate
1531 1544 1686 1592 nostra,

137 1617 234 1646 cum
259 1603 395 1646 adhuc
424 1606 595 1646 iuvenes
627 1619 826 1648 essemus.
879 1606 977 1646 ¹Hic
1013 1605 1150 1648 omnia
1184 1611 1378 1660 peccata,
1414 1608 1521 1648 sicut
1557 1607 1685 1650 Stoici

136 1671 386 1728 philosophi,
406 1675 523 1729 paria
543 1687 633 1715 esse
656 1674 836 1727 dicebat,
856 1688 934 1716 nec
955 1688 1077 1730 posse
1099 1688 1271 1729 peccare
1288 1674 1501 1718 hominem
1521 1675 1684 1718 lavacro

136 1741 458 1795 regenerationis
479 1748 663 1798 accepto,
683 1757 759 1785 nec
781 1743 937 1797 aliquid
957 1743 1154 1798 prodesse
1175 1743 1329 1784 ieiunia
1350 1744 1414 1785 vel
1437 1759 1460 1785 a
1483 1744 1586 1786 cibis
1608 1745 1685 1787 ali-

140 1809 289 1864 quibus
310 1810 621 1853 abstinentiam.
671 1811 961 1865 Virginitatem
980 1812 1134 1853 Mariae
1153 1811 1408 1866 destruebat,
1430 1812 1573 1855 djcens
1595 1828 1686 1856 eam

135 1877 334 1934 pariendo
363 1879 490 1921 fuisse
520 1885 767 1935 corruptam.
819 1880 1108 1934 Virginitatem
1144 1881 1268 1922 etiam
1305 1882 1686 1925 sanctimonialium

138 1950 179 1988 et
199 1947 500 1990 continentiam
520 1962 642 1989 sexus
663 1948 794 1990 virilis
816 1950 858 1989 in
881 1951 1035 1991 sanctis
1058 1949 1305 2003 eligentibus
1335 1950 1536 1993 caelibem
1557 1952 1687 1994 vitam

139 2014 423 2070 coniugiorum
452 2022 659 2059 castorum
689 2022 811 2071 atque
841 2017 1024 2059 fidelium
1049 2019 1209 2059 meritis
1239 2019 1518 2073 adaequabat,
1555 2022 1614 2062 ita
1641 2025 1686 2061 ut

137 2083 339 2138 quaedam
359 2085 541 2139 virgines
563 2099 704 2127 sacrae
731 2091 949 2141 provectae
978 2086 1061 2127 iam
1082 2087 1229 2128 aetatis
1250 2088 1294 2128 in
1315 2088 1416 2130 urbe
1438 2088 1587 2141 Roma,
1614 2089 1687 2131 ubi

135 2151 240 2194 haec
262 2152 450 2206 docebat,
472 2167 518 2195 eo
541 2154 680 2195 audito
702 2154 894 2209 nupsisse
917 2154 1119 2196 dieantur.
1175 2155 1267 2198 Non
1290 2171 1388 2197 sane
1411 2159 1499 2212 ipse
1523 2157 1588 2199 vel
1609 2157 1684 2199 ha-

136 2220 262 2263 bebat
280 2221 348 2263 vel
367 2221 520 2263 habere
541 2222 707 2264 volebat
727 2237 915 2276 uxorem,
943 2224 1052 2278 quod
1079 2239 1163 2265 non
1191 2229 1357 2280 propter
1385 2225 1552 2280 aliquod
1574 2226 1685 2282 apud

137 2289 260 2332 deum
289 2292 422 2331 maius
450 2292 645 2332 meritum
671 2291 715 2332 in
742 2306 866 2343 regno
902 2292 1010 2333 vitae
1038 2298 1262 2349 perpetuae
1297 2295 1577 2348 profuturum,
1610 2295 1683 2336 sed

135 2362 303 2414 propter
321 2363 585 2414 praesentem
597 2359 793 2414 prodesse
816 2363 1122 2414 necessitatem,
1142 2362 1221 2402 hoc
1243 2367 1306 2403 est
1326 2377 1377 2403 ne
1395 2362 1518 2404 homo
1539 2364 1681 2405 coniu-

135 2425 246 2480 gales
268 2427 450 2482 patiatur
470 2427 695 2480 molestias,
717 2428 966 2483 disputabat.
1017 2430 1105 2471 Cito
1134 2435 1274 2471 tamen
1295 2431 1377 2472 ista
1403 2430 1588 2472 haeresis
1610 2446 1682 2488 op-

135 2508 279 2549 pressa
299 2500 340 2536 et
361 2495 546 2536 extincta
566 2501 642 2548 est,
664 2510 739 2538 nec
762 2511 889 2551 usque
911 2497 962 2539 ad
985 2498 1271 2553 deceptionem
1292 2499 1523 2553 aliquorum
1544 2514 1681 2542 sacer-

138 2561 279 2606 dotum
299 2566 434 2619 potuit
454 2566 681 2620 pervenire.

221 2630 324 2674 Cum
342 2632 511 2674 Eusebii
531 2632 746 2674 historiam
766 2639 1047 2688 perscrutatus
1070 2649 1218 2687 essem,
1249 2636 1313 2677 cui
1335 2636 1507 2677 Rufinus
1529 2651 1553 2677 a
1575 2651 1617 2677 se
1638 2638 1683 2678 in

135 2699 325 2742 Latinam
346 2700 530 2754 linguam
551 2701 775 2742 translatae
806 2702 1147 2757 subsequentium
1177 2706 1303 2746 etiam
1325 2708 1557 2759 temporum
1580 2705 1680 2746 duos

136 2766 263 2810 libros
295 2768 477 2822 addidit,
504 2783 587 2810 non
612 2770 751 2811 inveni
781 2771 960 2826 aliquam
989 2771 1215 2825 haeresim,
1247 2787 1370 2827 quam
1399 2787 1481 2814 non
1510 2773 1681 2826 legerim

135 2836 246 2892 apud
267 2838 389 2891 istos,
418 2839 500 2879 nisi
529 2851 652 2892 quam
674 2840 716 2879 in
738 2843 853 2881 sexto
875 2840 980 2882 libro
1002 2840 1118 2895 ponit
1136 2840 1360 2894 Eusebius,
1390 2855 1565 2883 narrans
1589 2856 1679 2884 eam

137 2904 321 2947 extitisse
340 2905 386 2947 in
405 2905 572 2948 Arabia.
617 2906 762 2961 ltaque
782 2906 857 2950 hos
877 2907 1121 2962 haereticos,
1142 2911 1336 2963 quoniam
1356 2909 1514 2952 nullum
1538 2923 1679 2953 eorum

225 3049 305 3095 Gap.
322 3049 500 3086 LXXXII.
519 3072 559 3077 —
590 3053 615 3086 l.
642 3052 678 3087 V.
698 3054 866 3088 Admom't.
884 3057 917 3088 in
937 3056 992 3089 lib.
1012 3057 1051 3089 de
1072 3055 1161 3089 Βοηο
1177 3056 1311 3100 Coninq.
1333 3063 1403 3090 tom.
1432 3056 1490 3091 VI.
1519 3056 1676 3102 (Bened.)

1711 515 1776 547 Cap.
1798 515 1918 540 LXXXI.

1711 1474 1776 1506 Cap.
1804 1474 1941 1499 mxxii.

1708 2649 1773 2682 Cap.
1794 2650 1947 2676 LXXXIII.
