2052 3374
736 219 786 245 DE
806 217 1040 244 HAERESIBUS
1059 216 1180 243 LIBER.

1679 212 1731 253 57

184 329 284 372 bum
303 328 380 370 hoc
402 326 512 382 quod
541 326 646 368 dixit
667 325 844 367 Ioannes
866 324 1096 379 baptistan:
1121 321 1217 377 Ipse
1237 335 1306 362 vos
1330 316 1561 375 baptizabit
1581 318 1626 358 in
1646 318 1731 372 spi-

183 399 270 439 ritu
290 404 329 438 et
346 398 451 453 ique.
496 396 573 436 Isti
603 394 771 449 angelos
799 394 945 435 dicunt
972 396 1176 434 creatores
1200 404 1290 432 esse
1313 391 1546 430 animarum
1566 389 1729 428 nostra—

182 472 317 519 rum⁰‚
342 479 427 507 non
449 464 659 505 Christum
686 463 951 511 salvatorem3
978 460 1182 502 mundum
1209 463 1346 500 autem
1371 459 1499 499 istum
1524 455 1732 497 infernmn

183 548 273 576 esse
295 533 507 586 adserunt,
529 537 570 573 et
590 533 934 574 resurrectionem
956 531 998 570 in
1014 529 1192 570 filiorum
1207 529 1490 583 procreatione
1511 525 1618 566 hanc
1641 537 1732 565 esse

182 603 425 659 praedicant
451 616 554 657 quae
582 602 629 642 fit
658 603 701 642 in
722 601 902 642 humano
925 611 1074 652 genere
1097 597 1300 652 quotidie,
1322 610 1405 638 non
1427 595 1542 636 illam
1562 595 1731 635 immor-

182 672 355 714 talitatis
376 672 558 713 futuram
580 675 702 725 atque
724 669 943 723 gloriosam
966 668 1217 708 annuntiant
1237 668 1516 720 expectantes.

265 740 350 782 Alii
378 744 477 793 sunt
502 739 695 795 discipuli
725 738 892 790 horum,
925 738 995 792 qui
1022 734 1340 777 lProclianitac²¹
1371 731 1657 788 J-'appellantur
1693 734 1734 772 et

181 809 530 852 ³Hermeonitaeb.
575 808 750 850 Addunt
777 808 904 847 etiam
926 805 1109 847 diversos
1137 817 1314 857 errores,
1341 802 1537 844 docentes
1559 800 1669 855 quod
1690 802 1733 841 in

181 878 419 921 Ezechielec
440 881 642 934 seriptum
663 881 725 918 est
749 876 798 917 de
821 879 994 930 quatuor
1021 872 1291 926 animalibus,
1318 871 1453 926 4quod
1478 870 1643 912 leonem
1663 883 1728 910 re-

182 961 276 1002 gem
301 961 392 989 esse
413 945 727 998 ⁵Parth0rumd‚
755 945 933 987 vitulum
953 944 1296 998 Aegyptiorume,
1322 939 1504 994 aquilam
1524 940 1730 981 Romano-

181 1015 313 1070 rumf‚
333 1016 546 1058 hominem
565 1029 661 1057 vero
684 1016 990 1070 piissimorumg
1011 1016 1153 1053 tenere
1181 1009 1500 1052 similitudinem
1526 1008 1731 1049 arbitran-

272 1134 354 1180 Cap.
370 1135 455 1169 LVI.
481 1137 515 1167 ιίι
532 1148 560 1169 c.
582 1134 862 1174 PRochAsrrAe,
890 1136 924 1165 in
948 1132 1034 1165 Bab.
1059 1142 1297 1165 PRonlANrTAE
1323 1131 1521 1173 inscriptam
1547 1133 1604 1162 est,
1623 1147 1665 1150 —
1707 1128 1733 1161 1,

185 1181 410 1217 Proclianitae
428 1194 457 1215 c.
473 1180 690 1214 Prodianitae
709 1180 832 1213 ABab.

181 1228 265 1262 ritae
284 1240 311 1263 c.
328 1227 550 1262 Hermiotitae
568 1227 699 1271 reliqui.

182 1338 261 1370 bunt
275 1339 433 1378 creatori,
449 1338 508 1370 sed
526 1342 696 1370 creatores
713 1347 781 1369 esse
799 1338 924 1369 am'mo-

182 1395 253 1416 rum
264 1384 398 1427 anqelos
413 1384 525 1416 volunt
536 1384 575 1416 (le
591 1385 665 1426 1'97125
677 1383 756 1416 etde
768 1381 923 1426 spiritu.''

213 1485 261 1509 m.
284 1475 350 1508 isto
367 1474 555 1520 baptismo]
578 1474 699 1519 Aquae
719 1473 901 1518 baptismo.

226 1532 260 1555 n.
284 1520 455 1554 Iohannes
472 1520 638 1565 baptista]
655 1520 760 1553 Marc.
775 1519 798 1553 Ι.
815 1519 846 1554 S.
870 1519 925 1552 Ex

181 1565 247 1600 hoc
275 1567 348 1600 loco
384 1570 500 1599 autem
527 1565 689 1599 Philastri
720 1577 790 1599 nou
821 1576 923 1610 posse

180 1613 319 1656 probari
336 1612 427 1657 quod
443 1611 536 1656 ignis
557 1612 662 1644 etiam
678 1612 850 1655 baptismo
868 1611 923 1644 usi

182 1658 374 1692 Seleuciani
387 1662 489 1702 atque
498 1657 674 1691 Hermiani
685 1657 922 1697 fue1·int‚recte

181 1703 265 1738 mihi
291 1703 425 1737 videtur
452 1707 639 1736 annotasse
667 1702 713 1737 Io.
745 1702 922 1736 Gotfridus

182 1749 337 1784 Olearius
347 1750 382 1783 in
391 1749 473 1784 diss.
488 1749 529 1782 de
538 1749 716 1794 Baptismo
728 1748 875 1793 Spiritus
887 1748 922 1783 S.

181 1800 214 1829 et
223 1796 313 1840 ignis
325 1806 429 1840 quam
437 1795 594 1840 praeside
607 1806 675 1829 rev,
685 1795 724 1828 D.
734 1794 780 1829 Io.
791 1793 922 1828 Schmi-

180 1842 235 1875 dio
251 1841 374 1875 hahuit
387 1841 524 1886 Lipsiae
544 1840 639 1875 1706.
659 1842 688 1883 ξ.
706 1840 755 1875 14.
805 1840 878 1882 (F.)

227 1899 258 1921 o.
289 1887 433 1931 angelos
458 1887 576 1920 dicunt
598 1890 768 1920 creatores
792 1886 922 1919 anima-

179 1945 256 1967 rum
272 1934 483 1976 nostrarum]
512 1932 701 1966 Galeardus
720 1932 812 1965 adire
829 1932 923 1966 iubet

180 1979 295 2013 Desid.
318 1979 507 2014 Heraldum
530 1978 711 2012 Animadv.
737 1978 780 2011 ad
798 1978 923 2011 Arnob.

180 2026 238 2059 lib.
251 2025 292 2058 Π.
304 2035 386 2071 pag.
396 2023 451 2058 89.
471 2024 673 2058 Feuardent.
689 2024 730 2057 ad
744 2024 924 2058 Irenaeum

179 2071 239 2106 lib.
255 2071 296 2104 H.
314 2082 354 2105 ca
381 2097 388 2104 .
405 2070 437 2104 2.

208 2116 290 2162 Cap.
307 2082 392 2152 LVPI.
409 2137 452 2141 —
469 2127 500 2151 a.
516 2116 758 2158 Proclianitae]
783 2115 872 2149 Male
889 2117 925 2150 in

181 2163 413 2208 superioribus
438 2163 532 2197 editt.
565 2162 800 2196 Prodc'am‘tae.
839 2161 924 2195 Vide

179 2209 414 2253 Augustinum
430 2212 464 2242 et
480 2208 663 2241 Auctorem
678 2207 926 2241 Praedestinati

180 2265 209 2289 c.
227 2254 280 2290 60.
299 2255 392 2300 quia
407 2255 565 2287 Prot-cino
583 2253 731 2298 quodam
749 2253 857 2287 dictos
875 2254 924 2287 af-

179 2300 304 2335 firmat.
339 2300 503 2345 Adeoque
520 2299 644 2333 diversi
666 2298 700 2332 hi
717 2310 736 2332 a
752 2299 923 2333 Montani-

180 2346 243 2379 stis
261 2345 342 2379 κατὰ
357 2346 528 2387 ΡῐοοΙιιηι,
545 2345 585 2378 de
603 2345 727 2390 quibus
741 2345 923 2389 Appendix

180 2392 382 2426 Tertulliani
399 2392 440 2426 de
458 2391 661 2436 Praescript.
679 2402 707 2424 c.
725 2390 779 2425 52.
816 2390 921 2424 Cuius

179 2438 309 2472 mentio
322 2438 433 2472 Procli
449 2438 552 2471 etiam
566 2436 655 2482 apud
665 2436 852 2470 Eusebium
864 2436 919 2471 VI.

181 2483 233 2517 20.
250 2483 337 2518 Hist.
386 2484 460 2525 (F.)

224 2530 257 2564 b.
292 2529 535 2572 Hermioritae]
570 2528 727 2562 Hermiae
756 2527 921 2569 videlicet,

181 2575 222 2608 de
239 2586 306 2619 quo
324 2575 435 2620 capite
449 2575 634 2620 superiore,
653 2573 822 2618 discipuli,
845 2574 920 2607 aliis

180 2621 260 2654 dicti
270 2621 446 2654 Hermiani
458 2621 513 2654 vel
524 2619 801 2663 Herlnogeniani.
818 2618 922 2653 Porro

179 2666 403 2700 Hermioritas
441 2667 563 2712 scripsi
601 2677 662 2710 pro
699 2665 922 2706 Hermiotitis‚

180 2712 263 2757 quia
275 2712 537 2746 observaveram
549 2711 768 2744 philastrium
782 2709 843 2743 hac
858 2715 921 2744 ter-

179 2758 368 2791 minatione
386 2757 563 2799 delectari‚
581 2761 617 2790 ut
635 2767 736 2801 supra
754 2756 789 2789 in
806 2757 921 2790 Muso-

180 2803 266 2845 ritis,
281 2803 466 2837 Puteoritis
489 2808 552 2837 etc.
601 2802 676 2843 (F.)

226 2860 254 2883 c.
279 2849 314 2882 in
341 2848 533 2892 Ezechiele]
571 2848 651 2892 Cap.
679 2848 701 2881 Ι.
731 2858 762 2881 v,
791 2847 822 2882 5.
851 2858 920 2893 seq.

180 2893 353 2928 Philastrii
370 2895 577 2928 sententiam
602 2894 641 2927 de
664 2893 758 2926 hisce
776 2896 921 2937 quatuor

181 2940 388 2974 animalibus
434 2951 622 2986 cognosces
663 2938 751 2972 infra
790 2937 922 2973 haeresi

184 2984 257 3020 135.
278 2985 351 3020 148.
371 2985 445 3020 149.
500 2986 574 3027 (F.)

226 3031 257 3066 d.
274 3041 393 3075 regem
404 3031 621 3074 Parthorum]
643 3030 693 3063 Ita
707 3029 923 3064 scribendum

182 3086 258 3111 esse
270 3077 431 3111 existimo
450 3088 511 3122 pro
527 3083 711 3122 pastorum,
732 3075 824 3120 quod
843 3087 922 3121 prae

762 1225 794 1261 4.
812 1225 904 1271 quod
921 1237 981 1259 om.
999 1224 1043 1258 A.

888 1179 918 1214 2.
936 1182 1102 1211 vocantur
1120 1177 1164 1211 A.
1212 1175 1243 1209 3.
1259 1175 1500 1209 Hermeonitae
1518 1174 1563 1208 A.
1579 1173 1735 1208 Hermio-

1100 1223 1131 1259 5.
1148 1221 1352 1257 Parthorum
1367 1233 1395 1256 e.
1408 1224 1587 1267 pastorum
1604 1220 1733 1264 reliqui.

993 1344 1030 1367 se
1061 1333 1219 1367 ferebant
1252 1332 1444 1378 superiores
1482 1331 1669 1371 editiones,
1703 1334 1738 1363 et

992 1380 1115 1413 merito
1134 1379 1319 1413 obscurum
1335 1379 1449 1413 visum
1467 1381 1520 1412 est
1537 1377 1735 1410 doctissimo

993 1426 1065 1459 viro
1089 1425 1214 1458 Iacobo
1238 1424 1442 1466 Thomasio,
1468 1424 1526 1469 qui
1549 1424 1584 1456 in
1600 1422 1735 1457 Praefa-

993 1471 1145 1505 tionibus
1168 1471 1239 1504 suis
1256 1482 1289 1516 p.
1307 1470 1383 1505 385.
1401 1481 1496 1515 seqq.
1520 1470 1657 1514 copiose
1681 1481 1736 1502 su-

993 1529 1053 1562 per
1077 1516 1141 1550 hoc
1164 1516 1336 1550 Philastrii
1358 1517 1433 1550 loco
1463 1516 1633 1550 disseruit.
1669 1515 1736 1549 No-

993 1574 1074 1596 men
1090 1574 1169 1596 vero
1186 1562 1390 1596 Parthorum
1406 1563 1560 1607 positum
1580 1561 1644 1595 hoc
1660 1562 1735 1595 loco

992 1609 1045 1642 vel
1062 1620 1122 1653 pro
1140 1609 1253 1642 Persis
1265 1636 1272 1649 ,
1292 1613 1362 1642 uta
1378 1609 1589 1642 Tertulliano
1607 1612 1641 1641 et
1657 1609 1733 1642 aliis

990 1655 1123 1688 factum
1138 1655 1271 1688 notavit
1287 1654 1478 1688 Salmasius
1493 1655 1535 1688 ad
1551 1655 1677 1688 librum
1695 1654 1735 1688 de

991 1700 1098 1734 Pallio
1122 1712 1154 1745 p.
1184 1700 1255 1735 119.
1294 1700 1351 1744 [Et
1372 1700 1553 1734 Persarum
1575 1712 1635 1745 pro
1656 1701 1735 1734 Par-

991 1746 1068 1779 this.
1092 1747 1206 1780 Vales.
1228 1746 1271 1780 ad
1294 1747 1470 1780 Ammian:
1494 1746 1634 1788 XXXI,
1656 1747 1686 1781 2.
1703 1759 1735 1792 p.

993 1791 1068 1825 620.
1096 1792 1216 1826 Ezech.
1247 1792 1432 1838 Spanhem.
1467 1804 1498 1837 p.
1533 1793 1606 1826 149.
1635 1793 1668 1826 b.
1693 1793 1737 1826 ad

993 1837 1084 1871 Orat.
1101 1838 1126 1872 I.
1143 1839 1294 1882 Iuliani]‚
1318 1839 1372 1872 vel
1395 1839 1487 1883 quod
1503 1839 1623 1872 malim
1641 1840 1737 1883 (quia

992 1884 1172 1929 Aegyptiis
1190 1885 1470 1929 praemittuntur)
1494 1896 1555 1930 pro
1573 1885 1736 1929 Assyriis,

992 1941 1073 1963 nam
1089 1931 1137 1963 ita
1155 1934 1187 1964 et
1203 1931 1407 1964 Ammianus
1421 1931 1640 1964 Marcellinus
1657 1931 1737 1964 Par-

992 1975 1069 2009 thos
1101 1988 1161 2021 pro
1193 1977 1344 2022 Assyriis
1377 1977 1493 2022 posuit
1520 1976 1680 2012 XXVIII.
1705 1977 1736 2012 4.

995 2023 1262 2067 „palpantesque
1312 2024 1478 2056 adi-enam.
1526 2024 1738 2067 deformitate

994 2081 1119 2111 vmagjna
1149 2069 1393 2102 blanditiarum
1422 2071 1471 2102 ita
1501 2070 1674 2109 extollant,
1703 2075 1739 2101 at

993 2113 1195 2147 Semiramc'n
1217 2115 1351 2155 Parthi,
1375 2116 1428 2147 ‘rel
1445 2116 1645 2159 Cleopatras
1670 2116 1736 2147 Ae-

991 2166 1128 2204 qgsptus,
1154 2167 1215 2193 aut
1235 2161 1455 2194 Artemisiam
1474 2160 1580 2193 Cares
1601 2162 1654 2194 rel
1674 2160 1736 2193 Ze-

993 2206 1125 2239 nobiam
1142 2206 1368 2250 Palmyreni.’'
1406 2206 1479 2249 [Sic
1496 2207 1657 2250 Assyrios
1675 2218 1736 2251 pro

991 2250 1116 2301 Persijs
1140 2253 1238 2297 poni,
1262 2253 1321 2297 qui
1341 2252 1518 2286 debellatis
1535 2251 1736 2296 Babyloniis

991 2297 1170 2342 Assyriam
1187 2298 1253 2331 sibi
1270 2299 1455 2339 subiecere,
1473 2299 1606 2332 notavit
1622 2299 1735 2332 Herm.

991 2343 1136 2377 Witsius
1152 2347 1235 2377 tom.
1253 2344 1277 2377 I.
1299 2344 1444 2378 Miscell.
1469 2344 1562 2377 Sacr.
1587 2344 1667 2378 diss.
1688 2344 1735 2387 8.]

989 2388 1069 2422 Fuit
1085 2390 1188 2423 etiam
1204 2400 1327 2434 regum
1345 2390 1504 2434 dynastia
1518 2390 1553 2423 in
1566 2390 1736 2435 Aegypto,

990 2446 1132 2469 numero
1151 2435 1282 2469 decima
1299 2436 1456 2480 septima,
1474 2447 1561 2480 quae
1579 2435 1669 2469 dicta
1685 2440 1737 2469 est

990 2482 1177 2516 Pastorum.
1229 2481 1297 2515 Sed
1325 2482 1365 2514 de
1393 2482 1451 2515 illa
1475 2482 1604 2526 exponi
1626 2481 1736 2514 Phila-

991 2528 1113 2561 strium
1144 2538 1232 2572 quae
1255 2528 1410 2572 sequitur
1436 2527 1597 2560 distincta
1623 2527 1735 2570 Aegy-

991 2574 1141 2619 ptiorum
1154 2574 1282 2607 mentio
1297 2572 1388 2606 haud
1403 2573 1580 2618 permittit.
1630 2570 1702 2614 (Fi)

1037 2631 1066 2654 e.
1082 2619 1228 2652 vitulum
1242 2619 1508 2663 Aegyptiorum]
1529 2617 1573 2652 Ut
1584 2618 1735 2661 Assyriis

991 2666 1126 2699 leonem
1154 2665 1348 2698 tribuerunt
1373 2668 1511 2709 propter
1535 2664 1735 2708 potentiam,

991 2712 1039 2744 ita
1055 2710 1236 2755 Aegyptiis
1249 2711 1406 2751 vitulum,
1421 2709 1511 2754 quod
1526 2710 1568 2742 ab
1582 2710 1623 2742 iis
1638 2709 1735 2741 vituli

992 2757 1104 2801 specie
1118 2757 1200 2801 Apis
1216 2756 1327 2789 cultus
1341 2756 1416 2797 fuit,
1430 2756 1581 2800 itemque
1589 2755 1734 2788 Mnevis.

1759 738 1825 770 Cap.
1845 739 1916 763 rvr.

990 2802 1075 2835 Vide
1103 2801 1313 2835 Herodotum
1341 2801 1397 2836 III.
1427 2801 1480 2835 ⁴28.
1529 2800 1734 2833 Strabonem
1781 2823 1784 2825 -

991 2848 1048 2882 lib.
1066 2847 1175 2882 XVII.
1193 2858 1271 2892 pag.
1289 2846 1366 2881 555.
1383 2846 1605 2880 Ammianum
1621 2845 1733 2880 XXII.

995 2893 1044 2949 ¹3:
1063 2897 1097 2926 et
1118 2893 1269 2927 Plinium
1286 2892 1374 2927 VIII.
1392 2892 1446 2926 46.
1464 2892 1549 2926 Ilist.
1568 2891 1732 2936 aliosque.

992 2939 1235 3029 (hiabgglfflam
1251 2984 1502 3025 Romanorum]
1525 2982 1667 3026 Propter
1683 2983 1733 3016 in-

992 3030 1091 3074 signe
1108 3031 1243 3074 aquilae
1266 3041 1333 3074 quo
1351 3031 1420 3063 iam
1441 3028 1572 3073 pridem
1588 3027 1734 3062 Romani

993 3076 1029 3119 (a
1046 3075 1082 3110 G.
1099 3075 1200 3110 Marii
1216 3076 1368 3110 maxime
1390 3079 1543 3119 tempore
1565 3077 1652 3109 teste
1669 3074 1733 3108 Pli-
