2052 3342
233 649 296 678 vap.
315 644 392 670 vm.

269 1125 334 1155 Cap.
355 1122 401 1147 lx.

305 2015 370 2045 Cep.
390 2013 421 2036 X.

407 261 488 302 290
981 237 1363 270 PSEUDo-IIIERONYMI

411 363 504 401 ³³·ex
525 357 699 399 scientia
726 354 930 395 secretum
959 348 1035 389 dei.
1085 345 1136 387 Et
1163 340 1357 384 animalia
1385 338 1613 379 commovet
1639 333 1692 375 ad
1722 327 1950 386 spiritalem

414 429 655 470 doctrinam.
686 423 762 464 His
783 420 902 462 factis
924 416 1107 469 undique
1129 412 1282 453 lumine
1303 405 1459 449 lucebit
1479 406 1548 458 qui
1569 414 1733 445 omnem
1755 397 1948 440 substan-

415 499 514 538 tiam
536 493 763 535 secularem
783 487 992 538 conficiet,
1021 487 1061 524 et
1087 475 1398 531 ³⁶co11ssagrabit
1424 475 1467 514 in
1493 475 1676 523 tantum,
1702 472 1749 510 ut
1767 480 1844 508 nec
1864 466 1952 520 ipse

415 566 522 618 ignis
544 562 754 617 appareat.
1558 536 1563 542 ’

501 634 513 656 1
527 631 669 672 Caiani
691 631 732 668 et
751 624 893 667 Iudaei
914 625 1010 663 sunt
1031 620 1099 673 qui
1121 617 1222 658 Cain
1244 611 1542 661 sanctificanta,
1563 606 1747 648 dicentes
1767 601 1886 645 illum
1906 599 1955 641 de

419 701 588 744 caelesti
609 695 840 739 substantia
861 704 950 732 esse
972 689 1215 744 profectum,
1237 694 1340 737 qnae
1362 683 1426 720 est
1445 677 1497 719 ad
1514 676 1737 726 dexteram,
1757 669 1864 713 Abel
1884 681 1956 709 au-

419 776 504 812 tem
533 769 580 809 de
610 767 798 815 sinistra,
830 765 870 801 ct
899 758 989 799 ideo
1021 756 1138 796 illum
1166 765 1256 793 esse
1285 749 1480 790 occisum.
1537 742 1684 785 Iudam
1708 738 1959 796 proditorem

421 839 573 880 Christi
593 835 777 877 omnium
799 826 1075 884 apostolorum
1097 823 1221 863 fuisse
1245 818 1480 860 doctiorem.
1513 812 1615 854 Cum
1631 810 1742 851 enim
1757 807 1874 848 fieret
1894 817 1958 845 ar-

423 920 571 949 canum
598 904 688 955 dei,
716 905 756 941 et
785 896 1044 950 cognovisset
1071 889 1261 933 omnibus
1289 882 1523 926 hominibus
1560 880 1741 920 futuram
1773 874 1962 924 salutem,

423 976 657 1032 passionem
686 971 773 1011 eius
802 960 1181 1007 contradicentibus
1207 955 1384 997 terrenis
1414 948 1637 992 virtutibus
1664 947 1754 1001 ipse
1781 941 1964 998 proditor

426 1045 534 1086 illius
557 1042 738 1082 existens
760 1034 934 1077 salvavit
953 1031 1178 1072 humanum
1200 1036 1326 1078 genus
1348 1021 1599 1062 universum.

510 1110 706 1152 Sethitae.
746 1105 758 1129 1
772 1104 802 1145 E
825 1101 983 1143 duobus
1004 1094 1279 1144 hominibus²=‚
1302 1090 1402 1131 Cain
1423 1091 1464 1128 et
1483 1084 1604 1137 Abel,
1623 1081 1701 1124 ‘lab
1721 1080 1874 1122 iniusto
1896 1090 1964 1118 oc-

428 1184 511 1223 ciso
533 1177 653 1229 Abel,
675 1175 744 1229 qui
764 1175 895 1214 iustus
917 1171 1017 1218 erat,
1039 1164 1260 1206 discrimen
1281 1157 1491 1200 habebant
1505 1151 1689 1195 universi
1709 1146 1855 1202 angeli.
1889 1144 1966 1186 Su-

430 1262 557 1305 perna
575 1246 751 1297 3itaque,
780 1253 886 1295 quae
906 1236 1108 1278 Trivirtus
1130 1233 1312 1280 vocatur,
1333 1225 1488 1267 semina
1508 1223 1699 1276 operatur
1718 1216 1834 1258 nasci
1855 1212 1969 1265 Seth,

429 1320 495 1358 '‘et
516 1319 559 1357 in
579 1313 647 1355 illo
666 1310 856 1365 deposuit
872 1317 1036 1347 omnem
1053 1301 1234 1342 iustitiae
1252 1294 1488 1345 scintillam,
1508 1294 1554 1331 ut
1571 1288 1844 1344 deponeretur
1859 1282 1967 1323 ⁵uni-

433 1399 548 1428 versa
566 1381 724 1423 malitia
739 1382 923 1418 terrenae
942 1370 1210 1414 substantiae.
1231 1366 1403 1419 Propter
1418 1361 1496 1401 hoc
1514 1358 1646 1400 omnis
1662 1354 1845 1396 iustitiae
1861 1350 1970 1391 nati-

433 1456 539 1495 vitas
551 1449 682 1492 aSeth
691 1445 918 1488 deducitur.
942 1440 1022 1481 Sed
1033 1438 1226 1493 quoniam
1235 1438 1560 1484 transgressores
1573 1424 1707 1478 angeli
1721 1435 1794 1478 per
1806 1419 1972 1462 illicitos

435 1523 566 1564 coitus
589 1519 776 1559 fecerunt
796 1513 871 1553 sub
895 1509 978 1551 sole
1000 1507 1191 1548 nocivam
1212 1502 1433 1555 Gigantum
1454 1494 1730 1545 nativitatem,
1756 1502 1830 1546 per
1850 1499 1974 1542 quam

435 1592 449 1615 ‘⁵
460 1588 614 1631 accidit
634 1590 679 1626 ut
697 1579 968 1624 inundatione
986 1588 1104 1618 omne
1122 1585 1251 1627 genus
1268 1565 1542 1610 animantium
1558 1561 1790 1604 aboleretur
1806 1560 1847 1598 et
1861 1559 1973 1596 tran-

438 1659 539 1699 siret
567 1655 630 1695 Tet
652 1652 783 1694 solum
803 1649 959 1690 iustum
980 1657 1107 1699 genus
1136 1640 1363 1682 salvaretur
1393 1634 1455 1688 (id
1475 1636 1539 1674 est
1558 1630 1720 1672 animae
1740 1625 1850 1677 VIII,
1875 1623 1976 1674 Noe,

439 1731 480 1768 et
500 1738 602 1766 uxor
623 1736 716 1773 sua,
745 1723 786 1759 et
806 1716 880 1758 filii
901 1720 1005 1765 tres,
1035 1717 1075 1752 et
1100 1722 1247 1751 uxores
1276 1701 1473 1756 filiorum)
1494 1700 1566 1757 {in
1595 1711 1746 1749 arcam,
1768 1693 1913 1736 dicunt
1933 1703 1976 1732 se

441 1806 584 1836 semen
604 1788 789 1831 malitiae
807 1782 1075 1826 abscondisse
1096 1779 1141 1819 in
1158 1790 1309 1827 arcam,
1329 1770 1462 1813 9unde
1479 1764 1799 1824 procedentibus
1818 1766 1977 1815 tempo-

442 1863 556 1904 ribus
578 1862 671 1915 post
700 1854 899 1897 diluvium
926 1851 1076 1891 iterum
1106 1843 1302 1887 ¹⁰malitia
1327 1837 1517 1882 increvit.
1565 1835 1686 1877 Hunc
1716 1835 1855 1874 autem
1882 1827 1980 1870 Seth

444 1931 591 1972 dicunt
611 1939 701 1967 esse
722 1922 944 1965 Christum.

530 1998 769 2050 Carpocras,
790 1986 1036 2030 1Cerinthus
1058 1988 1098 2025 et
1116 1982 1288 2032 Emona,
1316 1977 1359 2019 hi
1377 1980 1462 2017 tres
1485 1972 1567 2016 sibi
1587 1969 1892 2019 successerunt,
1919 1963 1981 2006 di-

449 2070 589 2108 centes
612 2061 751 2104 omnia
772 2056 1000 2099 secundum
1021 2053 1175 2105 legem,
1202 2043 1493 2096 2circumcidi,
1519 2042 1737 2083 observare
1766 2035 1985 2077 sabbatum

449 2143 490 2175 et
512 2133 599 2175 dies
620 2131 746 2171 festos
766 2124 974 2174 Iudaicos3
997 2120 1184 2162 Christus
1201 2116 1312 2158 enim
1331 2113 1455 2154 3haec
1475 2125 1566 2152 cum
1582 2106 1720 2150 omnia
1739 2099 1986 2152 observavit,

450 2202 639 2244 sufficere
661 2197 848 2238 dicentes
869 2193 927 2233 ita
945 2190 1060 2231 4esse
1083 2195 1128 2229 ut
1149 2186 1378 2234 doctorem,
1406 2184 1452 2221 ut
1471 2177 1729 2230 magistrum.
1779 2169 1988 2213 Christum
2007 2217 2011 2220 ¹

451 2275 590 2313 autem
609 2269 764 2319 negant
789 2275 862 2317 per
884 2258 1076 2315 spiritum
1097 2257 1287 2296 sanctum
1308 2265 1331 2291 a
1350 2247 1482 2291 Maria
1500 2244 1660 2298 virgine
1681 2244 1845 2292 natum,
1872 2235 1944 2280 sed
1963 2249 1988 2275 a

520 2370 573 2404 35.
591 2380 634 2403 ex
652 2379 721 2410 eqo.
740 2368 773 2398 et
789 2363 888 2401 Men„
907 2364 939 2393 et
957 2359 1093 2391 C‘oteler.
1108 2357 1129 2390 l.
1145 2357 1166 2390 l.
1220 2353 1272 2387 36.
1291 2348 1518 2394 conflagravit
1534 2345 1622 2379 Men.

522 2416 603 2460 Cap.
620 2412 708 2447 VIH.
725 2430 769 2434 -
788 2409 815 2441 l.
832 2407 883 2440 De
902 2403 1064 2438 Caianitis
1083 2406 1115 2435 et
1130 2399 1282 2434 Iudaitis.
1308 2395 1426 2430 Caiani
1442 2394 1530 2426 Men.

523 2461 604 2506 Cap.
621 2459 682 2493 IX.
699 2477 743 2481 -—
774 2455 802 2487 l.
818 2453 845 2486 E
863 2451 994 2484 duobus
1014 2449 1151 2481 coteler.
1175 2445 1271 2478 Eccl.
1299 2444 1358 2475 Gr.
1381 2440 1524 2473 Monam.
1551 2443 1624 2470 tom.
1644 2435 1679 2475 I,
1700 2446 1735 2478 p.
1755 2431 1831 2466 771.
1857 2429 1988 2463 duobus

456 2509 544 2542 Men.
614 2505 644 2538 ἱ).
669 2503 711 2536 ab
727 2501 854 2534 iniusto
872 2496 983 2530 occiso
1002 2493 1085 2526 Abel
1104 2492 1239 2525 Coteler.
1255 2490 1276 2523 l.
1291 2490 1311 2521 l.
1329 2485 1449 2520 iniusti
1466 2482 1600 2518 occisio.
1617 2479 1704 2514 Abel
1720 2477 1808 2511 Men.
1877 2474 1908 2509 3.
1928 2474 1991 2507 ita-

458 2565 534 2599 que,
558 2561 644 2596 quae
661 2547 826 2582 Trivirtns
845 2543 981 2576 Coteler.
997 2541 1017 2572 l.
1032 2540 1052 2572 l.
1074 2539 1191 2581 itaque
1214 2534 1366 2568 ‘trivii-tus
1383 2531 1472 2565 Men.
1542 2528 1574 2562 4.
1593 2529 1627 2559 et
1646 2526 1683 2558 in
1704 2524 1762 2557 illo
1781 2521 1919 2556 Coteler.
1934 2520 1954 2553 l.
1969 2519 1990 2552 l.
2046 2543 2049 2551 .

458 2604 492 2632 et
507 2599 565 2632 illo
582 2596 670 2629 Men.
740 2592 771 2625 5.
794 2589 954 2623 universa
969 2584 1100 2618 malitia
1117 2582 1253 2615 Coteler.
1269 2581 1289 2612 l.
1306 2580 1327 2611 l.
1344 2577 1522 2611 universae
1537 2571 1679 2606 militiae
1695 2569 1782 2602 Men.
1852 2565 1882 2599 6.
1900 2574 1992 2598 acce-

460 2645 508 2678 dit
523 2643 613 2676 Men.
685 2639 716 2672 7.
739 2641 779 2670 ut
794 2635 882 2668 Men.
951 2631 982 2664 S.
998 2631 1034 2663 in
1051 2638 1181 2668 arcam,
1205 2626 1321 2659 dicunt
1343 2634 1378 2656 se
1397 2634 1465 2665 eqo.
1486 2621 1522 2653 in
1538 2618 1662 2651 Arcam
1685 2614 1834 2648 dicentes
1851 2610 1940 2643 Men.
1957 2609 1992 2641 in
2046 2623 2047 2627 =

460 2691 565 2723 Arca:
588 2687 742 2720 dicentes
761 2681 897 2715 Coteler.
913 2679 933 2710 l.
948 2678 967 2710 l.
1038 2675 1068 2707 9.
1084 2673 1162 2706 inde
1179 2672 1282 2710 Men.³
1308 2673 1342 2702 et
1359 2668 1496 2701 Coteler.
1510 2666 1531 2699 l.
1547 2665 1568 2697 l.
1640 2660 1691 2696 10.
1706 2657 1839 2693 malitia
1854 2653 1996 2689 increvit

461 2748 530 2779 eqo.
547 2731 680 2766 malitia
696 2728 801 2762 crevit
818 2725 955 2759 Coteler.
974 2723 994 2756 l.
1009 2722 1029 2754 l.
1046 2718 1214 2752 malitiam
1231 2715 1358 2749 creavit
1372 2712 1462 2746 Men.

530 2779 611 2823 Cap.
628 2776 674 2810 X.
692 2794 735 2798 ——
761 2773 788 2805 1.
807 2767 1009 2808 Cherinthus
1027 2765 1115 2798 Men.
1192 2762 1222 2795 2.
1240 2757 1449 2794 circumcidii
1470 2755 1558 2788 Men.
1625 2751 1656 2786 3.
1674 2749 1757 2783 haec
1780 2757 1859 2781 cum
1881 2743 1995 2779 omnia

463 2839 531 2869 eqo.
549 2824 632 2857 haec
650 2819 766 2854 oinnia
782 2817 869 2849 Men.
939 2813 970 2847 4.
995 2821 1070 2845 esse
1086 2813 1125 2842 ut
1141 2808 1313 2841 doctorem
1330 2817 1399 2848 eqo.
1418 2812 1493 2836 esse
1510 2800 1681 2833 doctorem
1696 2794 1784 2828 Men.

510 2915 590 2958 Cap.
608 2911 747 2946 VII[.—
763 2919 793 2940 a.
808 2906 866 2951 qui
876 2905 959 2939 Cain
968 2900 1197 2940 sanctificant]
1266 2896 1316 2930 Of.
1339 2886 1729 2929 Pseudo-Tertullianus
1757 2882 1842 2917 Adv.
1873 2881 1997 2915 Omnes

466 2962 517 2995 ef.
547 2958 681 2992 Pseudo
697 2975 709 2980 -
725 2952 956 2987 Tertullianus
982 2947 1067 2983 Adv.
1099 2945 1197 2978 Omn.
1265 2942 1366 2976 Haer.
1384 2950 1455 2983 cap.
1472 2937 1503 2970 ὃ.

466 3008 565 3040 Haer.
585 3015 657 3049 cap.
675 3001 706 3034 7.
1313 2985 1396 3029 Cap.
1411 2983 1456 3017 X.
1473 3001 1516 3006 -
1539 2990 1569 3013 a.
1589 2977 1793 3022 Carpocras,
1817 2971 1997 3008 Cerinthus

512 3073 593 3116 Cap.
609 3070 671 3104 IX.
692 3089 731 3093 —-
751 3078 779 3100 a.
798 3065 823 3099 E
842 3064 973 3098 duobus
989 3059 1200 3100 hominibus]
1269 3018 1902 3111 ‘glffgl‘ffgegi‘pff—‘mdo'Tertuffianus
1915 3015 1997 3051 Adv‘
