2052 3342
203 1686 266 1716 Cap,
287 1684 362 1709 XllI.

209 2232 274 2262 Cap.
294 2229 364 2254 xlv.

390 211 468 251 27ss
952 206 1368 232 esnone-maruanmm

392 313 515 352 Istum
549 316 686 351 autem
718 311 901 351 Aeonem
933 312 975 350 in
1007 310 1280 351 desectionem
1310 310 1464 350 sactum
1494 307 1727 351 Achamoth
1758 308 1858 350 dicit
1885 308 1927 350 in

392 379 651 434 passionibus
677 377 869 418 desiderii
893 378 1140 432 quibusdam
1166 380 1290 419 fuisse
1313 382 1353 418 et
1375 392 1423 418 ex
1452 378 1714 433 passionibus
1734 378 1928 418 materias

390 447 580 487 edidisse.
622 446 796 500 Expavit
818 448 949 498 enim,
976 447 1130 499 inquit,
1158 450 1197 487 et
1219 446 1408 486 extimuit
1429 450 1470 486 et
1490 447 1756 487 contristatus
1779 449 1861 498 est,
1890 449 1930 486 et

389 530 435 554 ex
462 515 522 554 liis
546 515 809 569 passionibus
833 515 1022 568 concepit
1043 519 1083 553 et
1105 513 1246 555 edidit.
1288 514 1394 555 Hinc
1417 514 1515 555 fecit
1536 514 1695 556 caelum
1716 518 1758 554 et
1778 517 1929 554 terram

388 588 427 623 et
448 597 560 622 marc
584 587 624 622 et
646 584 785 623 omnia
806 596 1074 636 quaecunque
1098 587 1194 623 sunt
1215 584 1256 623 in
1280 583 1360 634 eis,
1383 582 1432 623 ob
1456 596 1579 636 quam
1603 596 1769 623 causam
1793 582 1930 623 omnia

390 654 549 691 inlirnia
571 664 660 691 esse
684 655 723 690 et
745 650 904 702 fragilia
925 656 965 690 et
985 650 1139 691 caduca
1162 655 1201 690 et
1222 650 1431 702 mortalia,
1461 663 1729 704 quaecunque
1759 653 1858 691 sunt
1877 649 1928 690 ab

390 722 475 774 ipso
500 721 627 770 sacta,
657 720 852 772 quoniam
881 718 1046 773 quidem
1076 720 1163 773 ipse
1187 719 1309 759 suerit
1336 717 1411 758 ⁴de
1442 717 1672 759 desectione
1703 721 1928 773 conceptus

387 793 507 841 atquc
530 787 730 841 p1·olatus;
754 786 863 827 hunc
886 792 1025 827 tamen
1047 788 1278 827 instituisse
1302 787 1427 826 istum
1449 786 1649 827 mundum
1678 800 1728 828 ex
1754 786 1819 827 his
1840 799 1928 826 ma-

388 858 499 897 teriis
523 869 622 909 quas
644 854 876 895 Achamoth
899 855 962 896 vel
986 854 1174 909 pavendo
1199 854 1261 894 vel
1283 853 1466 895 timendo
1484 854 1549 895 vel
1567 854 1848 896 contristando
1864 853 1930 905 vel

387 924 571 965 sudando
594 924 867 978 praestiterat.
901 923 1005 963 Nam
1027 937 1076 963 ex
1099 936 1264 977 pavore,
1286 923 1433 975 inquit,
1454 921 1650 963 tenebrae
1667 922 1802 964 factae
1820 925 1929 974 sunt,

387 1008 433 1033 ex
460 995 603 1033 timore
627 997 666 1032 et
688 993 918 1044 ignorantia
941 992 1109 1046 spiritus
1132 991 1339 1044 nequitiae
1363 994 1403 1030 et
1422 990 1705 1044 malignitatis,
1728 1004 1778 1031 ex
1798 991 1928 1031 tristi-

388 1063 443 1101 tia
465 1068 499 1101 et
528 1061 707 1101 lacrimis
731 1060 898 1100 humida
920 1060 1108 1111 sontium,
1132 1059 1348 1099 fluminum
1369 1060 1541 1099 materia
1557 1060 1778 1114 mariSque.
1811 1057 1928 1099 Chri-

388 1134 496 1169 stum
520 1133 654 1169 autem
678 1130 851 1169 missum
874 1128 924 1167 ab
945 1127 1011 1167 illo
1029 1131 1263 1182 propatore,
1285 1127 1355 1180 qui
1377 1130 1440 1167 est
1456 1126 1624 1181 Bythos.
1654 1127 1774 1168 Hunc
1791 1130 1929 1167 autem

390 1200 428 1237 in
452 1197 683 1237 substantia
707 1198 887 1250 corporis
911 1197 1039 1237 nostri
1063 1209 1143 1236 non
1168 1195 1316 1247 fuisse,
1345 1194 1419 1235 sed
1448 1194 1630 1249 spiritale
1658 1196 1797 1237 nescio
1821 1194 1929 1250 quod

389 1280 534 1320 corpus
554 1265 601 1305 dc
621 1265 731 1305 caelo
755 1263 1022 1316 deserentem,
1045 1265 1162 1317 quasi
1183 1264 1196 1285 ⁵
1207 1277 1356 1317 aquam
1377 1276 1450 1317 per
1467 1263 1661 1317 fistulam,
1682 1265 1741 1305 sic
1753 1278 1827 1319 per
1841 1263 1928 1304 Ma-

389 1336 490 1374 riam
512 1335 713 1385 virginem
735 1338 1027 1384 transmeasse,
1049 1331 1150 1371 nihil
1175 1331 1269 1372 inde
1284 1330 1347 1371 vel
1364 1332 1639 1386 accipientem
1658 1332 1721 1373 vel
1736 1335 1927 1373 mutuan-

389 1408 483 1443 tem.
519 1403 878 1442 Resurrectionem
900 1400 1019 1441 liuius
1042 1401 1177 1441 carnis
1199 1404 1335 1453 negat,
1355 1398 1451 1440 Gsed
1472 1399 1640 1441 alterius
1660 1400 1761 1454 legis
1778 1404 1819 1441 et
1833 1414 1928 1456 pro-

390 1472 605 1525 phetarum
628 1469 829 1523 quaedam
850 1470 1020 1523 probat,
1051 1468 1255 1522 quaedam
1276 1467 1501 1522 improbat,
1531 1468 1573 1509 id
1602 1472 1665 1509 cst
1692 1469 1830 1510 omnia
1849 1470 1927 1509 im-

387 1540 552 1594 probat,
585 1537 682 1578 dum
715 1537 918 1591 quaedam
949 1536 1152 1592 reprobat.
1203 1535 1471 1589 Evangelium
1499 1535 1624 1577 habet
1654 1539 1780 1579 etiam
1810 1550 1929 1578 suum

388 1612 550 1661 praeter
571 1606 671 1647 haec
695 1611 846 1647 nostra.

472 1677 570 1717 Post
599 1675 708 1716 hunc
740 1676 965 1715 extiterunt
996 1672 1256 1715 Ptolemaeus
1290 1677 1330 1714 et
1361 1671 1576 1714 Secundus
1604 1673 1821 1727 haeretici,
1860 1674 1930 1727 qui

389 1758 481 1786 cum
504 1743 720 1784 Valentino
743 1757 816 1797 per
838 1743 975 1783 omnia
997 1742 1275 1793 consentiunt,
1299 1741 1365 1781 ¹in
1386 1741 1456 1782 illo
1479 1741 1564 1783 solo
1587 1741 1792 1783 differunt.
1823 1741 1929 1783 Nam

390 1827 483 1854 cum
504 1812 747 1853 Valentinus
776 1811 940 1851 Aeonas
969 1813 1131 1850 tautum
1157 1811 1327 1862 triginta
1347 1810 1555 1862 finxisset,
1583 1810 1653 1852 isti
1681 1809 1930 1851 addiderunt

389 1881 490 1922 alios
513 1879 768 1934 complures3
791 1883 964 1932 quatuor
986 1879 1096 1918 enim
1118 1879 1319 1932 primum,
1343 1877 1491 1918 deinde
1513 1877 1616 1919 alios
1637 1876 1835 1933 2quatuor
1854 1877 1928 1919 ad-

389 1952 670 2002 gregaverunt.
716 1946 767 1987 Et
787 1946 895 2000 quod
917 1946 1017 1987 dicit
1037 1946 1283 1987 Valentinus
1304 1946 1489 1987 Aeonem
1509 1947 1766 1988 tricesimum
1786 1959 1927 1988 exces-

390 2019 492 2058 sisse
515 2016 563 2057 de
585 2015 836 2067 Pleromate,
863 2018 907 2054 ut
934 2016 976 2055 in
1006 2014 1301 2067 defectionem,
1329 2018 1483 2067 negant
1510 2015 1598 2067 isti3
1627 2028 1710 2056 non
1740 2016 1851 2056 enim
1879 2028 1928 2055 ex

390 2086 459 2126 illa
478 2083 734 2125 triacontade
756 2083 882 2123 fuisse
904 2083 1013 2123 hunc
1037 2084 1106 2136 qui
1128 2083 1251 2123 suerit
1271 2084 1313 2123 in
1336 2082 1608 2124 defectionem
1629 2086 1797 2138 propter
1817 2083 1925 2124 desi-

391 2154 549 2195 derium
569 2151 736 2193 videndi
757 2152 998 2206 propatoris.

471 2220 617 2262 Extitit
636 2223 849 2275 praeterea
864 2219 1091 2260 Heracleon
1113 2219 1217 2260 alter
1236 2218 1483 2272 haereticus,
1505 2220 1575 2273 qui
1597 2233 1690 2261 cum
1707 2219 1925 2262 Valentino

390 2291 504 2346 paria
524 2289 669 2341 sentit,
696 2287 769 2328 sed
796 2288 976 2328 novitate
1005 2286 1183 2341 quadam
1210 2288 1557 2342 pronuntiationis
1584 2287 1673 2329 vult
1696 2288 1829 2329 videri
1849 2287 1928 2328 alia

392 2359 556 2400 sentire.
606 2355 834 2397 Introducit
861 2356 970 2396 enim
997 2357 1039 2395 in
1068 2356 1212 2410 primis
1239 2355 1342 2396 illud
1369 2355 1495 2396 fuisse
1517 2355 1649 2410 1quod
1675 2357 1927 2411 pronuntiat,

393 2432 433 2468 et
454 2425 600 2468 deinde
622 2438 672 2465 ex
691 2424 763 2465 illa
782 2423 957 2464 monade
979 2423 1072 2476 duo,
1099 2438 1145 2465 ac
1169 2423 1319 2465 deinde
1340 2423 1519 2478 reliquos
1540 2423 1718 2466 Aeonas.
1766 2423 1926 2466 Deinde

390 2495 615 2537 introducit
633 2496 766 2535 totum
785 2491 1064 2533 Valentinum.

387 2600 530 2641 primum
547 2596 693 2639 reposuit
707 2594 885 2626 Pamelius.
918 2593 1011 2625 Illud
1033 2593 1192 2637 appellat,
1212 2605 1278 2637 pro
1301 2604 1360 2636 quo
1378 2592 1547 2625 Pamelius
1570 2598 1601 2626 et
1623 2592 1793 2636 Riqaltius
1815 2594 1924 2627 edide-

392 2649 470 2675 runt
484 2641 667 2686 appellant,
688 2652 727 2673 ex
741 2641 911 2683 superiore
934 2639 1024 2670 linea
1047 2640 1244 2682 irrepserat.
1275 2638 1344 2671 Sed
1354 2641 1506 2682 fortasse
1522 2639 1680 2672 malueris
1693 2639 1924 2683 pronuntiato.

392 2688 550 2732 Appellat
563 2687 669 2719 istum
685 2689 799 2718 autem
814 2685 965 2717 Aeonem
980 2683 1016 2716 in
1029 2683 1254 2717 defectionem
1266 2683 1396 2717 factum
1412 2682 1612 2725 Achamoth,
1629 2683 1709 2717 dicit
1722 2689 1796 2718 cett.
1819 2683 1851 2719 4.
1870 2683 1924 2717 de-

393 2733 584 2777 ceptatione
606 2731 728 2764 habent
748 2731 818 2763 cod.
841 2741 899 2763 ms,
916 2728 1069 2761 Leidens.
1089 2734 1120 2761 et
1134 2731 1183 2763 ecl.
1196 2732 1308 2773 princ.
1337 2729 1440 2772 Vulqo
1459 2734 1641 2762 correctum
1657 2729 1779 2771 leqitur
1791 2728 1831 2762 de
1845 2739 1924 2774 apo-

394 2779 545 2819 riatione,
559 2789 597 2809 ex
609 2777 762 2821 Irenaeo,
829 2774 861 2809 5.
878 2784 967 2818 aqua
983 2775 1060 2806 edit.
1072 2777 1233 2818 princeps
1250 2774 1354 2807 Beati
1369 2775 1534 2809 Islzemzm'.
1598 2773 1628 2808 6.
1654 2774 1756 2817 Vzelyo
1773 2773 1858 2807 llaec
1874 2777 1924 2807 ita

395 2826 579 2866 (listinqunt
591 2821 651 2855 sed
666 2821 815 2854 alterius.
849 2820 953 2864 Legis
971 2824 1043 2852 cett.
1783 2849 1787 2853 ,

483 2868 565 2912 Cap.
582 2866 674 2901 XIII.
700 2885 742 2890 —
780 2866 807 2898 1.
833 2865 991 2898 Fortasse
1013 2866 1234 2908 reponendzmz
1261 2867 1306 2897 sit
1327 2865 1361 2898 in
1386 2875 1454 2898 uno
1479 2865 1552 2898 solo
1573 2864 1626 2896 vel
1645 2863 1682 2896 in
1704 2873 1773 2897 uno
1797 2864 1920 2898 solum.

396 2914 427 2949 2.
446 2914 503 2946 Ita
520 2914 694 2946 ediderunt
714 2911 883 2944 Pamelz'us
899 2916 930 2943 et
943 2910 1124 2953 Riqalte'us,
1148 2911 1195 2943 ad
1210 2911 1387 2943 Irenaeum
1404 2911 1493 2944 Adv.
1510 2909 1651 2942 Haeres.
1670 2908 1700 2942 I.
1716 2909 1750 2942 5.
1767 2908 1800 2943 6.
1810 2921 1850 2954 p.
1866 2908 1921 2942 53.

396 2961 447 2994 ed.
469 2959 602 2997 Grabe„
618 2957 781 2991 Philastr.
799 2968 873 3000 cap.
891 2955 950 2988 39.
974 2955 1074 2988 Libri
1088 2961 1164 2990 vett.
1187 2955 1309 2988 habent
1324 2959 1412 2989 octo.

484 3003 565 3048 Cap.
581 3002 672 3080 {JV
689 3022 732 3027 —
764 3001 792 3034 1.
818 3001 908 3046 quod
929 3000 1104 3035 dominum
1126 3001 1324 3045 pronuntiat
1344 3000 1475 3034 volebat
1494 2999 1524 3034 I.
1541 2998 1587 3032 M.
1605 2998 1724 3039 Routlz‚
1750 3010 1789 3032 ex
1804 2999 1920 3032 Phila-

395 3052 475 3083 strio
492 3061 567 3092 cap.
631 3074 638 3081 .
