2052 3342
341 189 420 229 265
958 185 1258 212 PRAEDEsrmAn

342 295 523 347 peceato.
575 290 725 331 Contra
752 289 826 330 hos
855 292 1037 345 suscepit
1063 291 1150 330 sine
1186 290 1389 344 scriptura
1417 290 1584 344 quidam
1614 292 1881 334 Constantius

342 364 547 400 {inc-tator.
582 359 678 398 l'ost
699 358 806 398 hune
830 363 967 398 autem
991 360 1157 413 scripsit
1181 363 1323 399 contra
1344 358 1418 399 hos
1441 363 1481 399 et
1500 359 1756 413 Augustinus
1777 359 1880 414 Hip-

342 427 551 483 poniensis
575 427 807 481 episcopus,
829 431 870 466 et
894 427 1166 480 Hieronymus
1188 427 1404 480 presbyter
1427 426 1730 468 1130111101111103.
1762 426 1881 468 Pela-

341 496 449 549 giani
472 500 633 546 tamen,
662 509 733 535 seu
757 494 1024 547 (ξω-1031111111,
1049 494 1274 535 catholicae
1297 494 1407 549 plebi
1430 496 1622 549 permixti
1645 499 1759 549 sunt,
1789 497 1885 550 quia

343 563 561 605 ecelesiam
583 563 707 604 aliam
730 577 810 604 11011
834 563 1007 615 habent,
1037 567 1077 603 et
1107 563 1196 603 ideo
1220 563 1289 603 ubi
1313 565 1371 603 eis
1394 565 1598 616 evenerit,
1628 563 1883 605 communio-

343 647 437 673 nem
458 646 536 672 non
557 637 744 672 renuunt.
777 632 930 672 Dicunt
947 632 1057 672 enim
1075 633 1197 672 unius
1215 632 1489 672 consessionis
1508 646 1598 673 esse
1616 634 1659 673 in
1675 631 1751 673 hac
1769 635 1883 686 parte

345 703 383 742 in
414 716 493 755 qua
522 700 773 741 eucharistia
802 700 1036 751 conticitum
1072 700 1120 740 de
1150 701 1391 753 quaestione
1421 702 1532 741 enim
1559 702 1694 753 aiunt,
1723 714 1806 741 non
1835 699 1885 740 (10

344 771 632 811 communione
657 769 943 809 discernimur.
975 769 1051 809 l'ro
1075 769 1150 809 hoo
1173 782 1274 809 ausu
1297 772 1337 808 et
1359 783 1381 809 a
1403 768 1576 821 nostris,
1597 770 1630 810 si
1654 768 1884 823 deprehen-

345 838 506 890 dantur,
530 837 723 892 periculis
746 837 976 889 subiacent,
999 842 1039 877 et
1060 852 1082 877 a
1101 839 1185 877 suis
1203 837 1457 878 execrationi
1476 837 1689 878 habentur.
1721 836 1887 878 Habent

344 908 452 947 enim
475 911 515 946 et
538 906 799 961 presbyteros
822 911 862 945 et
884 907 1096 960 episcopos
1120 919 1226 947 suos.
1280 906 1371 960 Ipse
1395 909 1533 946 autem
1554 905 1744 958 Pelagius
1766 906 1824 945 ita
1844 906 1887 944 in

345 977 641 1017 commentario
665 988 736 1014 suo
760 974 809 1014 ad
834 974 1039 1014 Romanos
1062 974 1221 1025 scribit,
1244 973 1341 1014 dum
1364 977 1503 1026 ageret
1524 973 1639 1014 illum
1656 972 1791 1014 locum
1808 985 1886 1026 quo

345 1046 402 1084 ait
424 1043 648 1098 apestolus,
669 1042 684 1066 '²
698 1044 904 1093 Quoniam
921 1058 999 1097 pe]-
1021 1057 1148 1082 umam
1170 1043 1371 1083 hominem
1394 1044 1435 1083 in
1457 1042 1564 1083 hunc
1579 1028 1886 1096 mmzdum'pec-

347 1120 483 1153 ‹wtzzm
505 1113 689 1162 intrarit,
712 1118 748 1151 ct
763 1126 842 1165 pet·
857 1118 1078 1165 chcatmn
1098 1126 1229 1151 mors:
1251 1118 1288 1151 et
1307 1113 1367 1151 'ita
1384 1113 1427 1151 ‘in
1446 1125 1582 1152 omnes
1599 1111 1777 1151 homines
1787 1123 1886 1164 per-

346 1182 525 1232 transiit,
554 1182 596 1220 in
619 1194 698 1234 (suo
723 1194 856 1219 omncs
873 1187 1173 1234 peceaverunt:
1195 1183 1367 1232 tangens
1392 1179 1665 1231 Caelestium,
1695 1177 1765 1232 qui
1787 1190 1885 1218 eon-

346 1253 407 1289 tra
430 1248 637 1289 traducem
662 1249 818 1302 peccati
838 1249 993 1302 primus
1012 1249 1191 1302 scripsit,
1212 1247 1275 1288 his
1293 1247 1444 1300 verbis,
1465 1249 1539 1287 ait:
1561 1247 1628 1300 Hi,
1648 1246 1798 1300 inquit,
1820 1246 1889 1299 qui

347 1322 489 1359 contra
511 1316 719 1357 traducem
753 1318 942 1367 veniunt,
973 1316 1027 1356 ita
1057 1316 1168 1357 illam
1197 1317 1438 1370 impugnare
1467 1317 1672 1356 nituntur:
1709 1314 1753 1355 Si
1774 1313 1888 1355 Adae

348 1390 561 1442 peecatum
578 1387 701 1426 etiam
719 1399 799 1425 non
817 1385 1086 1439 peccantibus
1105 1384 1251 1437 obfuit,
1273 1398 1366 1438 ergo
1390 1387 1431 1424 et
1448 1383 1599 1425 Christi
1616 1384 1747 1437 gratia
1763 1381 1890 1423 etiam

348 1470 427 1497 non
458 1454 722 1495 credentibus
751 1454 928 1508 prodest.
981 1452 1152 1494 Addunt
1183 1453 1307 1493 etiam
1335 1452 1431 1494 hoe:
1463 1453 1506 1493 Si
1529 1452 1760 1507 baptismus
1781 1450 1889 1492 tollit

348 1523 542 1575 originale
567 1522 666 1563 illud
689 1527 919 1577 peccatum,
943 1523 991 1563 de
1015 1522 1172 1563 dnobus
1197 1521 1416 1576 baptizatis
1438 1521 1523 1562 nati
1546 1520 1700 1561 debent
1719 1519 1795 1561 hoe
1820 1533 1888 1560 ca-

348 1606 435 1633 rere
458 1596 646 1647 peccato:
679 1591 880 1644 quomodo
911 1592 1020 1631 enim
1048 1592 1219 1631 mittunt
1248 1590 1299 1631 ad
1326 1594 1511 1644 posteros
1542 1588 1651 1643 quod
1678 1588 1758 1643 ipsi
1779 1587 1822 1629 in
1845 1600 1889 1629 se

348 1663 519 1703 minime
544 1658 800 1701 habuerunt?
832 1659 943 1699 Haeo
967 1660 1074 1699 sieut
1095 1659 1145 1699 ab
1168 1660 1256 1713 ipso
1279 1658 1443 1711 Pelagio
1467 1661 1564 1699 sunt
1579 1658 1734 1712 scripta
1748 1655 1889 1711 posui-

348 1744 451 1771 mus.
504 1729 562 1769 l)e
592 1728 665 1770 hoc
696 1730 832 1781 itaque
856 1727 963 1781 quod
986 1728 1141 1768 dietum
1164 1732 1247 1779 est,
1276 1740 1395 1781 posse
1424 1726 1589 1767 homine
1612 1727 1700 1766 sine
1722 1728 1890 1780 peccato

350 1813 454 1851 esse,
476 1798 682 1839 obiectum
704 1801 766 1837 est
789 1796 869 1836 illis
892 1798 966 1836 ita:
999 1797 1082 1837 Aut
1103 1800 1252 1851 potest,
1274 1799 1316 1836 et
1336 1795 1587 1836 adiutorium
1606 1808 1689 1836 non
1711 1793 1892 1848 quaerit:

349 1872 520 1909 autnon
543 1870 700 1921 potest,
730 1869 770 1905 et
797 1865 1045 1905 adiutorium
1076 1866 1247 1918 quaerit.
1298 1865 1334 1905 A
1357 1876 1614 1918 quocumque
1644 1863 1755 1904 enim
1776 1863 1892 1903 auxi-

350 1936 451 1977 lium
473 1936 702 1989 quaeritur,
733 1933 834 1974 dicit
865 1947 907 1973 se
940 1933 980 1974 id
1013 1933 1122 1988 quod
1152 1933 1240 1974 vult
1270 1933 1403 1973 facere
1436 1931 1606 1987 implere
1638 1945 1721 1972 non
1748 1944 1908 1986 posses

351 2004 531 2058 alioquin
554 2002 741 2043 inrisorie
770 2003 904 2056 poscit
933 2003 1001 2055 (1111
1030 2005 1167 2056 potest
1196 2001 1273 2042 1100
1302 2000 1413 2042 301113
1441 2015 1513 2055 pro
1543 2013 1621 2054 quo
1643 1999 1894 2041 adiutorium

351 2072 533 2129 postulat
553 2070 791 2125 adimplere.
825 2070 948 2111 Verbi
971 2072 1114 2123 gratia,
1137 2070 1281 2111 decem
1302 2069 1438 2124 pondo
1461 2068 1755 2122 cuiuscumque
1776 2069 1837 2109 rei
1858 2069 1895 2110 si

350 2142 486 2183 levare
509 2139 722 2190 voluerim,
745 2142 785 2178 et
806 2138 1054 2180 adiutorium
1076 2152 1284 2193 quaeram,
1306 2137 1525 2179 ridiculum
1541 2136 1684 2178 videor
1700 2136 1893 2178 exhibere

353 2210 451 2251 dum
471 2222 606 2264 posce.
658 2207 713 2248 At
739 2220 835 2247 vero
866 2209 899 2248 si
923 2207 1121 2248 ducentas
1151 2211 1221 2248 aut
1242 2206 1420 2261 amplius
1448 2205 1575 2246 velim
1595 2205 1731 2246 levare
1754 2204 1895 2259 libras,

353 2280 449 2334 quia
470 2277 511 2319 id
532 2276 703 2331 implere
726 2289 808 2316 11011
830 2289 1019 2330 possum,
1048 2276 1243 2316 auxilium
1266 2275 1424 2327 flagito,
1455 2278 1496 2314 et
1524 2273 1738 2315 immensis
1760 2273 1894 2329 preci-

354 2348 430 2389 bus
452 2346 700 2387 adiutorium
722 2357 885 2398 quaero,
906 2344 1126 2399 praecipue
1149 2345 1184 2385 si
1205 2348 1337 2384 status
1358 2344 1467 2384 vitae
1489 2356 1604 2383 meae
1621 2343 1666 2383 in
1681 2341 1758 2383 1100
1778 2341 1895 2383 vide-

355 2421 420 2457 tur
441 2414 620 2471 pondere
642 2414 815 2468 positus,
836 2416 881 2452 ut
902 2412 935 2453 si
958 2413 1119 2467 pondus
1143 2412 1252 2466 quod
1272 2412 1497 2452 memoravi
1518 2425 1600 2452 non
1621 2410 1824 2464 levavero,
1845 2409 1896 2451 ad

354 2485 483 2526 vitam
503 2483 719 2538 pervenire
740 2495 823 2522 non
844 2480 1013 2535 possim.
1065 2481 1124 2521 De
1154 2480 1313 2522 (luobus
1341 2484 1480 2520 autem
1509 2480 1727 2534 baptizatis
1754 2481 1897 2520 natum

356 2552 460 2594 nihil
479 2551 632 2592 habere
661 2550 710 2591 de
739 2549 818 2590 fide
849 2553 1067 2604 parentum
1095 2548 1195 2590 haee
1224 2563 1298 2590 1103
1327 2549 1428 2589 ratio
1452 2547 1581 2589 docet.
1633 2548 1836 2598 Quoniam
1854 2546 1897 2587 hi

358 2623 427 2676 qui
448 2621 646 2675 baptizati
668 2622 765 2659 sunt
787 2618 887 2659 duas
909 2618 1065 2659 habent
1085 2619 1346 2669 nativitates,
1374 2630 1500 2657 unam
1529 2629 1609 2670 qua
1636 2629 1705 2657 eos
1727 2628 1895 2669 genera-

357 2690 417 2731 vit
438 2703 545 2741 caro,
567 2688 692 2729 aliam
715 2701 794 2741 qua
815 2700 883 2728 eos
905 2687 1116 2740 generavit
1136 2687 1305 2740 spiritus
1327 2688 1510 2737 sanetus,
1533 2687 1573 2724 et
1590 2697 1640 2724 ex
1655 2683 1718 2724 his
1737 2682 1895 2724 duabus

359 2756 694 2812 generationibus
722 2757 810 2796 nati
838 2755 938 2796 duas
961 2755 1244 2807 generationes
1273 2753 1325 2794 ad
1346 2757 1531 2808 posteros
1552 2753 1742 2803 mittunt,
1769 2763 1894 2791 unam

360 2827 409 2867 de
433 2839 569 2878 earne,
592 2816 769 2877 confugii
790 2824 1041 2874 ministerio,
1070 2821 1193 2864 aliam
1215 2822 1264 2863 (10
1287 2821 1456 2877 spiritu,
1484 2821 1730 2875 baptismate
1753 2831 1896 2859 eonse-

362 2893 523 2936 erando.
575 2893 653 2934 Hie
675 2906 768 2945 ergo
792 2893 862 2946 qui
884 2891 932 2932 de
956 2891 1173 2946 baptizatis
1196 2894 1316 2930 natus
1340 2893 1422 2942 est,
1450 2890 1655 2940 interrogo
1678 2885 1726 2926 de
1749 2898 1830 2940 qua
1853 2899 1897 2927 re

361 2966 482 3003 natus
504 2959 593 3003 est?
615 2960 665 3002 de
687 2973 822 3012 earne,
844 2959 886 3000 id
908 2963 971 3000 est
992 2959 1041 3000 de
1062 2959 1195 3013 prima
1215 2959 1500 3011 generatione,
1521 2969 1574 2996 an
1595 2953 1645 2996 de
1666 2954 1834 3009 spiritu,
1854 2953 1899 2996 id

364 3107 384 3141 2
410 3060 768 3142 RCapVLIIKQXXVIII.
783 3081 825 3086 —
845 3060 872 3093 1.
889 3059 1109 3094 Bethlemites
1127 3059 1198 3094 MS.
1216 3060 1302 3103 Any.
1319 3057 1504 3093 Betffleites
1522 3056 1596 3090 edd.
1614 3054 1715 3090 Sirm.
1734 3054 1896 3089 G'alland.

387 3133 394 3141 .
443 3118 509 3141 om.
557 3133 565 3141 .
628 3132 637 3140 .
