2052 3374
672 178 723 203 nn
743 177 978 204 mnnesmts
996 178 1119 204 LIBER.
1582 178 1663 220 205

200 281 463 336 ¹Origeniani
493 295 517 323 a
537 282 717 337 quodam
738 282 913 337 Origene
936 282 1036 325 dicti
1058 287 1175 335 sunt,
1206 295 1290 324 non
1317 281 1369 323 ab
1395 281 1466 323 illo
1489 283 1560 336 qui
1579 281 1663 322 fere
1691 289 1757 323 Cap·
1775 288 1863 315 xm

117 349 308 392 omnibus
330 355 453 392 notus
476 355 552 404 est,
575 351 648 393 sed
669 351 721 393 ab
743 351 821 394 alio
843 353 984 393 nescio
1007 365 1108 406 quo,
1131 351 1180 393 de
1203 365 1282 406 quo
1303 350 1370 392 vel
1391 350 1663 392 sectatoribus

116 420 203 460 eius
222 418 479 474 Epiphanius
507 419 700 474 loquens,
730 420 989 474 Origeniani,
1009 421 1166 475 inquit,
1188 419 1404 462 cuiusdam
1431 418 1663 474 ²Origenis,

113 488 247 543 turpis
278 491 418 529 autem
447 493 544 529 sunt
576 490 825 544 operationis
853 490 943 539 isti3
976 493 1073 530 sunt
1102 489 1306 530 3nefanda
1336 489 1560 542 facientes,
1591 501 1665 530 sua

115 569 288 611 corpora
307 558 560 612 corruptioni
580 557 804 599 tradentes.
855 553 972 598 Alios
1001 561 1139 599 autem
1168 557 1440 612 Origenianos
1469 558 1663 600 continuo

114 624 361 667 subiiciens:

200 693 461 748 origeniani,
488 696 643 749 inquit,
672 694 765 748 alii,
794 696 864 749 qui
892 698 933 735 et
952 694 1195 736 Adamantii
1223 695 1505 749 4tractatoris,
1534 696 1605 750 qui
1626 698 1668 735 et
1692 701 1758 735 Cap·
1778 700 1880 727 nm.

114 766 373 804 mortuorum
393 765 741 805 resurrect-ionem
767 762 996 818 repellunt,
1026 763 1238 804 Christum
1267 769 1407 805 autem
1435 768 1668 806 creaturam

115 834 158 871 et
179 832 372 886 spiritum
393 836 584 873 sanctum
605 831 937 885 introducentes,
965 831 1206 887 paradisum
1232 838 1371 873 autem
1400 838 1442 874 et
1470 832 1605 874 caelos
1627 836 1668 873 et

115 899 197 941 alia
224 901 363 942 omnia
395 899 720 954 allegorizantes.
771 901 884 941 Haec
915 900 1083 954 quidem
1111 900 1159 942 de
1190 900 1366 954 Origene
1397 901 1666 956 Epiphanius.

114 967 222 1010 ⁵Sed
243 970 312 1024 qui
334 982 429 1010 eum
451 968 693 1022 defendunt,
713 970 837 1010 unius
854 969 1122 1023 eiusdemque
1140 969 1397 1011 substantiae
1415 984 1505 1011 esse
1525 970 1669 1011 dicunt

117 1035 306 1078 docuisse
327 1042 489 1093 patrem
510 1043 551 1079 et
571 1038 704 1079 filium
725 1042 766 1078 et
787 1039 981 1093 spiritum
1002 1043 1213 1091 sanctum,
1242 1052 1377 1093 neque
1399 1040 1667 1080 resurrectio-

114 1119 214 1147 nem
232 1105 434 1161 repulisse
450 1110 725 1158 mortuorum3
747 1105 960 1161 6quamvis
978 1112 1019 1147 et
1034 1108 1078 1148 in
1093 1108 1185 1148 istis
1203 1121 1297 1148 eum
1315 1109 1560 1149 convincere
1580 1111 1667 1148 stu-

117 1174 243 1216 deant
262 1176 333 1229 qui
353 1176 440 1216 eius
462 1175 581 1230 plura
600 1175 802 1229 legerunt.
837 1174 941 1216 Sunt
964 1180 1004 1216 et
1025 1175 1105 1216 alia
1126 1175 1249 1217 huius
1267 1176 1458 1230 Origenis
1476 1175 1669 1229 dogmata

117 1257 221 1298 quae
243 1243 444 1285 catholica
465 1243 642 1285 ecclesia
672 1245 843 1285 omnino
870 1258 954 1286 non
975 1245 1142 1300 recipit3
1171 1246 1215 1285 in
1245 1245 1394 1299 quibus
1423 1259 1500 1286 nec
1530 1247 1670 1300 ipsum

115 1311 219 1354 falso
239 1313 388 1366 arguit,
408 1326 484 1354 nec
506 1317 645 1368 potest
665 1312 716 1354 ab
740 1314 827 1354 eius
850 1312 1138 1355 defensoribus
1160 1313 1282 1366 ⁷falli,
1303 1315 1482 1356 maxime
1502 1314 1551 1356 de
1570 1328 1667 1369 pur-

117 1381 280 1435 gatione
311 1385 352 1421 et
380 1380 646 1434 liberatione,
675 1396 721 1423 ac
750 1396 892 1423 rursus
923 1388 1017 1437 post
1046 1381 1215 1435 longum
1245 1387 1411 1438 tempus
1442 1383 1494 1424 ad
1526 1383 1670 1424 eadem

116 1448 228 1491 mala
246 1449 501 1492 revolutione
524 1450 738 1491 rationalis
759 1452 977 1492 universae
1000 1456 1223 1492 creaturae.
1272 1452 1370 1501 Quis
1393 1453 1505 1493 enim
1528 1451 1668 1493 catho-

117 1517 223 1560 licus
240 1517 499 1560 Christianus
516 1519 583 1561 vel
600 1519 744 1561 doctus
765 1519 831 1560 vel
851 1519 1044 1561 indoctus
1064 1533 1149 1561 non
1170 1520 1439 1562 vehementer
1455 1521 1672 1563 exhorreat

120 1600 212 1628 eam
232 1601 359 1642 quam
379 1588 480 1629 dicit
501 1590 787 1643 purgationem
809 1588 1034 1642 malorum,
1060 1588 1104 1630 id
1135 1594 1197 1630 est
1226 1590 1351 1630 etiam
1381 1603 1449 1631 eos
1473 1592 1542 1644 qui
1563 1590 1670 1631 hanc

118 1658 248 1698 vitam
276 1658 322 1698 in
351 1650 518 1710 flagitiis
549 1662 590 1698 et
620 1657 874 1698 facinoribus
906 1662 946 1698 et
976 1657 1205 1711 sacrilegiis
1235 1662 1357 1712 atque
1385 1659 1671 1714 impietatibus

120 1725 350 1781 quamlibet
367 1727 562 1767 maximis
584 1725 799 1779 finierunt,
829 1727 968 1781 ipsum
997 1728 1123 1767 etiam
1142 1730 1350 1781 postremo
1375 1727 1587 1770 diabolum
1607 1732 1669 1768 at-

121 1807 199 1849 que
220 1793 388 1848 angelos
410 1796 512 1847 eius,
535 1796 723 1849 quamn's
744 1799 838 1850 post
855 1794 1096 1848 longissima
1112 1799 1314 1850 tempora,
1335 1801 1530 1851 purgatos
1549 1801 1670 1851 atque

119 1862 316 1905 liberatos
337 1876 464 1917 regno
487 1863 553 1905 dei
574 1863 736 1917 lucique
758 1864 937 1916 restitui,
960 1868 1000 1904 et
1021 1878 1163 1905 rursus
1184 1871 1280 1920 post
1300 1864 1543 1919 longissima
1564 1870 1670 1906 tem-

119 1946 221 1988 pora
241 1945 384 1974 omnes
407 1933 478 1986 qui
498 1931 662 1973 liberati
684 1936 780 1973 sunt
802 1932 854 1973 ad
882 1932 982 1973 haec
999 1932 1110 1974 mala
1132 1932 1266 1975 denuo
1290 1933 1422 1975 relabi
1444 1939 1484 1975 et
1506 1936 1672 1987 reverti,

121 2006 163 2042 et
191 1999 268 2043 has
305 2002 420 2042 vices
451 2000 706 2042 alternantes
743 2000 1049 2042 beatitudinum
1084 2006 1125 2042 et
1159 2003 1423 2044 miseriarum
1457 2003 1671 2045 rationalis

122 2074 332 2112 creaturae
354 2083 518 2124 semper
539 2070 680 2122 fuisse,
702 2083 866 2124 semper
886 2068 998 2111 fore?
1028 2070 1088 2111 De
1111 2084 1191 2125 qua
1210 2073 1439 2113 vanissima
1458 2073 1671 2127 impietate

122 2138 321 2180 adversus
343 2137 634 2194 philosophos,
656 2152 679 2178 a
701 2138 852 2192 quibus
875 2139 955 2179 ista
977 2138 1123 2180 didicit-
1145 2138 1365 2193 Origenes,
1393 2140 1460 2182 3in
1481 2140 1599 2182 libris
1622 2140 1672 2182 de

122 2207 298 2250 Civitate
318 2207 398 2249 Dei
419 2206 736 2260 diligentissime
757 2206 772 2231 ‘³
786 2207 1004 2262 disputavi.

212 2308 294 2354 Cap.
311 2307 418 2343 XLII.
435 2313 468 2342 et
484 2307 566 2353 Cap.
582 2307 704 2342 XLHI.
727 2329 771 2333 —
814 2309 842 2343 l.
865 2309 1082 2354 Epiphanius
1104 2313 1136 2343 in
1165 2309 1320 2343 Panario
1348 2313 1477 2355 quidem
1507 2311 1671 2345 haeresib.

124 2354 171 2388 63
186 2361 219 2388 et
234 2355 290 2389 64.
309 2360 425 2400 aperte
442 2356 620 2399 profitetur
637 2357 766 2387 nescire
780 2366 814 2387 se
832 2368 876 2388 an
897 2355 1098 2399 Ort'yem'am'
1118 2358 1176 2388 isti
1199 2361 1311 2400 turpes
1335 2357 1377 2389 ab
1407 2357 1550 2401 Orz'qene
1573 2359 1671 2391 Ada-

121 2403 248 2434 mantio
270 2401 356 2434 dicti
374 2403 457 2440 sint,
486 2413 532 2432 an
555 2400 597 2432 ab
623 2401 691 2433 alio
713 2401 865 2443 Oriqene.
903 2400 972 2434 Sed
989 2404 1144 2445 projecto
1167 2405 1203 2434 in
1231 2403 1554 2447 Auacephalaeosi,
1587 2416 1671 2448 quae

122 2447 196 2480 sola
219 2448 291 2479 eine
313 2445 469 2479 Panario
494 2448 584 2478 ¹venit
607 2448 639 2477 in
672 2458 788 2478 manus
812 2447 1011 2490 Auqastc'ui,
1041 2448 1080 2480 de
1101 2450 1247 2491 utrisque
1275 2448 1492 2492 Oriymziam's
1513 2453 1564 2482 sic
1589 2451 1675 2483 divit

123 2492 276 2532 obscure,
302 2497 339 2524 at
384 2494 491 2524 riores
514 2503 576 2523 non
601 2491 643 2523 ab
673 2492 783 2523 eodem
822 2491 963 2535 Orz'qene
992 2493 1218 2533 Aslamantc'o,
1249 2495 1309 2526 sed
1335 2494 1378 2526 ab
1408 2496 1476 2527 alio
1500 2498 1673 2539 prry'eetus

124 2538 287 2579 crederes.
327 2540 335 2582 (
369 2537 476 2581 ened.)
545 2536 576 2570 2.
594 2536 689 2571 Edit.
707 2536 836 2571 Lot-an.
861 2536 1021 2582 Origenis
1046 2538 1214 2583 discipuli.
1255 2539 1325 2572 Vox
1341 2539 1502 2585 discipuli
1518 2542 1612 2573 abest
1628 2541 1670 2573 ab

124 2582 262 2617 Emam.
286 2589 319 2616 et
338 2582 447 2623 MSS„
471 2594 530 2615 nec
556 2594 619 2614 non
642 2595 663 2615 a
684 2582 817 2615 Graeco
841 2589 928 2616 textu
944 2583 1148 2628 Epipham'i.
1187 2584 1336 2627 (Bened.)
1405 2585 1437 2620 3.
1455 2586 1604 2619 nefanda
1621 2586 1670 2618 fa·

123 2628 267 2671 cientes]
299 2628 344 2661 In
358 2627 455 2660 MSS.
470 2627 714 2661 inenarrabilia
734 2627 909 2662 facientes.
953 2630 1085 2662 Graece
1106 2636 1156 2663 est
1178 2627 1474 2675 ἀῤῥητοποιοῧντες.
1524 2631 1671 2675 (Βρηεά.)

123 2673 157 2709 4.
174 2673 275 2708 Edita·
287 2674 348 2719 qui
363 2679 397 2707 et
411 2673 611 2707 Adamantii
625 2673 819 2707 tractatoris
834 2674 925 2708 illius
942 2678 1146 2717 sectatores,
1164 2676 1224 2720 qui
1240 2681 1273 2709 et
1292 2681 1507 2710 mortuorum
1523 2688 1672 2710 resurre-

125 2719 275 2754 ctionem
286 2723 426 2764 negant,
441 2718 613 2753 Christum
623 2723 737 2752 autem
747 2723 779 2752 et
793 2720 950 2764 spiritum
963 2726 1121 2754 sanctum
1133 2725 1323 2756 creaturam
1333 2722 1461 2763 dicunt,
1475 2722 1671 2768 paradisum

124 2769 241 2799 autem
264 2769 299 2798 et
321 2765 435 2799 caelos
460 2770 493 2798 et
515 2765 584 2798 alia
606 2776 676 2798 nou
700 2764 845 2798 credunt
865 2776 941 2800 esse
965 2766 1155 2800 secundum
1178 2767 1338 2809 litteram,
1362 2768 1420 2801 sed
1445 2769 1481 2802 in
1497 2768 1672 2811 allegoria.

133 2809 268 2845 Veteres
283 2817 391 2844 aulem
410 2811 492 2843 libri
501 2813 652 2855 pressius
669 2810 847 2843 inhaerent
863 2812 1008 2846 Graeco.
1048 2811 1207 2855 (Bened.)
1276 2813 1307 2847 5.
1331 2815 1419 2847 Arete
1437 2814 1673 2846 Benediceinos

126 2854 312 2890 habebatur
326 2857 423 2900 mdyo
438 2855 650 2901 Epiphanius
667 2855 779 2889 refert.
815 2855 882 2890 Sed
902 2857 1098 2890 defensores
1115 2857 1189 2891 eius
1210 2858 1326 2892 dicunt
1347 2859 1522 2903 originem
1539 2863 1670 2903 patrem

126 2904 162 2935 et
174 2900 287 2936 filium
301 2905 336 2934 et
351 2901 511 2947 spiritum
534 2906 691 2935 sanctum
715 2901 817 2935 unius
842 2903 1064 2947 eiusdemque
1084 2903 1298 2938 substantiae
1321 2904 1476 2938 docuisse
1493 2915 1605 2949 neque
1622 2915 1672 2938 re-

127 2947 373 2981 surrectionem
391 2953 464 2982 cett.
535 2947 565 2980 6.
587 2947 659 2980 Soli
674 2948 757 2980 editi
772 2948 938 2992 repulisse
955 2952 1188 2990 mortuorum,
1212 2949 1271 2983 sed
1288 2950 1348 2994 qui
1364 2950 1437 2983 eius
1457 2949 1556 2994 plura
1580 2950 1672 2995 lege-

126 2995 223 3035 runt,
245 2992 494 3027 contradicunt.
534 2992 622 3027 Sunt
639 2996 671 3026 et
688 2992 755 3026 alia
773 2999 846 3028 cett.
887 2993 1031 3035 Bened.)
1102 2994 1132 3029 7.
1148 2994 1206 3027 Sic
1223 2994 1319 3030 MSS.
1354 2996 1404 3028 At
1426 2997 1509 3028 editi
1528 2995 1572 3029 ab
1597 2996 1671 3030 eius

128 3036 366 3074 defensoribus
382 3039 550 3075 excusari.
591 3038 749 3083 (Bened.)
818 3037 851 3074 8.
900 3050 919 3074 6
936 3039 1006 3074 Civ.
1032 3039 1097 3074 Dei
1111 3040 1170 3075 lib.
1187 3040 1284 3075 XXI.
1355 3042 1385 3073 9.
1412 3040 1565 3075 Veterum
1582 3043 1672 3076 codi-
