2052 3374
726 221 840 248 LIBER
857 221 1002 249 Primus.
1559 220 1639 263 259

95 326 279 369 discidia.
327 326 515 381 Denique
545 326 656 382 apud
685 326 989 381 Carthaginem,
1019 325 1277 381 temporibus
1304 323 1543 367 Heracliani
1571 338 1638 366 co-

93 395 222 449 mitis,
243 408 337 437 cum
355 394 630 436 Maximianus
652 399 797 437 contra
816 396 1072 437 Primianum
1093 394 1143 436 ab
1165 393 1351 436 eiusdem
1371 393 1520 436 erroris
1541 406 1639 435 cen—

93 468 184 506 tum
203 464 332 506 ferme
360 464 567 519 episcopis
597 464 809 506 ordinatus
840 477 864 504 a
883 463 1052 518 reliquis
1078 465 1278 506 trecentis
1308 464 1451 506 decem
1480 464 1639 518 episco-

92 534 178 589 pis,
206 534 276 588 qui
303 533 552 574 ordinationi
581 535 668 575 eius
698 534 872 575 crimina
898 531 1206 587 impingebant,
1234 533 1382 574 fuisset
1409 532 1642 585 damnatus,

94 601 235 644 docuit
263 601 462 657 populum
494 604 563 656 qui
597 616 691 644 eum
722 601 972 656 sequebatur
1003 603 1128 644 etiam
1159 606 1274 643 extra
1303 600 1524 643 ecelesiam
1555 600 1643 642 dari

93 684 214 726 posse
235 670 494 726 baptismum
515 671 679 713 Christi.
729 670 932 724 Denique,
955 672 1202 725 quicumque
1224 674 1295 712 aut
1316 685 1339 711 a
1358 670 1568 712 Primiano
1590 668 1642 710 ad

91 739 389 782 Maximianum
409 740 526 793 abiit,
547 744 617 782 aut
637 753 661 780 a
675 739 924 781 Maximiano
946 738 999 780 ad
1019 739 1288 793 Primianum,
1309 753 1392 781 non
1410 743 1473 780 est
1492 740 1644 779 iterum

92 806 326 864 baptizatus
347 807 397 850 ab
421 822 467 851 eo
490 811 559 864 qui
582 812 723 850 eontra
744 807 998 850 voluntatem
1020 822 1161 850 eorum
1178 808 1392 850 ordinatus
1415 812 1488 849 est.
1522 807 1641 849 Com·

92 877 320 932 probantur
336 877 388 919 ab
406 892 452 920 eo
481 891 605 932 quem
618 879 760 931 utique
785 877 1106 919 damnaverunt:
1128 891 1212 919 non
1235 876 1451 929 abiiciunt,
1471 890 1554 918 non
1578 890 1642 916 re-

91 950 241 1000 nuunt,
267 960 354 988 non
378 950 543 988 mutant
570 947 834 1002 baptismatis
862 949 1182 999 sacramentum,
1211 949 1251 986 et
1278 959 1351 987 seu
1377 960 1401 986 a
1419 945 1644 999 primiano,

93 1013 181 1056 sive
202 1028 226 1055 a
243 1014 495 1057 Maximiano
518 1017 610 1070 quis
631 1019 702 1056 aut
721 1015 955 1070 baptizetur
984 1020 1055 1056 aut
1076 1014 1250 1056 clericus
1272 1014 1498 1068 ordinetur,
1527 1015 1645 1069 quasi

93 1082 144 1124 ab
166 1097 248 1125 uno
269 1083 426 1126 factum
447 1086 514 1138 sit,
535 1098 619 1126 non
640 1098 664 1125 a
685 1083 844 1126 duobus
867 1085 1098 1137 contrariis,
1119 1086 1164 1126 in
1185 1098 1233 1125 ea
1254 1083 1470 1137 dignitate,
1492 1096 1571 1137 qua
1592 1082 1642 1125 ab

93 1165 174 1194 uno
195 1154 358 1194 venerit
379 1154 471 1207 quis
493 1153 546 1195 ad
566 1152 757 1206 alterum,
786 1157 1037 1208 perseverat.
1088 1153 1180 1194 Non
1208 1156 1392 1194 mutatur
1422 1152 1644 1208 baptisma,

92 1235 170 1263 nee
192 1221 370 1276 dignitas
391 1221 569 1274 tollitur-3
597 1223 692 1276 quia
719 1237 804 1264 non
827 1222 876 1263 de
899 1222 1162 1277 baptismatis
1184 1221 1470 1274 altereatione,
1499 1221 1573 1262 sed
1595 1220 1644 1262 de

94 1289 365 1332 ordinationis
388 1292 650 1333 contentione
677 1291 789 1333 facta
811 1291 957 1333 divisio
988 1290 1289 1346 comprobatur.
1338 1290 1399 1332 De
1423 1289 1644 1332 Caeciliani

94 1360 206 1401 enim
227 1359 485 1402 ordinatione
507 1360 726 1401 dissentire
750 1364 987 1416 coeperunt,
1008 1374 1091 1401 non
1113 1359 1163 1401 de
1179 1358 1445 1415 baptismatis
1461 1363 1533 1400 aut
1548 1358 1644 1400 fidei

93 1429 420 1482 transgressione
441 1442 532 1471 sese
555 1429 606 1470 ab
629 1428 804 1470 ecclesia
824 1429 1104 1470 absciderunt.

177 1496 534 1552 Septuagesimam
561 1497 767 1539 haeresim
797 1498 1153 1540 Priscillianorum
1179 1497 1289 1552 apud
1316 1497 1524 1552 Hispanos
1552 1496 1644 1538 Pri-

96 1564 310 1608 scillianus
330 1566 479 1620 legitur
499 1566 728 1608 inchoasse.
768 1567 821 1608 Hi
843 1569 1001 1607 animas
1032 1566 1195 1608 divinae
1218 1570 1388 1607 naturae
1411 1566 1643 1607 adfirmant..

97 1635 206 1686 Quas
234 1635 287 1677 ad
314 1649 488 1690 agonem
517 1635 725 1690 quendam
753 1640 1029 1691 spontaneum
1055 1637 1099 1676 in
1127 1636 1246 1676 terris
1276 1635 1553 1677 exercendum
1572 1649 1646 1690 per

96 1709 258 1760 septem
279 1704 414 1747 caelos
441 1709 482 1745 et
503 1718 575 1760 per
597 1704 797 1758 quosdam
818 1704 1023 1759 gradatim
1050 1703 1193 1746 dicunt
1215 1703 1466 1745 descendere
1488 1705 1643 1759 princi-

95 1778 237 1830 patus,
266 1777 308 1815 et
326 1775 370 1815 in
390 1773 618 1827 malignum
638 1774 869 1828 principem
890 1775 1119 1827 incurrere,
1146 1787 1169 1814 a
1191 1786 1268 1827 quo
1294 1774 1424 1814 istum
1442 1772 1645 1814 mundum

96 1842 254 1884 factum
278 1841 444 1896 volunt,
474 1847 597 1896 atque
629 1842 680 1883 ab
709 1841 785 1884 hoe
813 1843 1000 1898 principe
1028 1856 1100 1897 per
1129 1842 1292 1883 diversa
1318 1844 1453 1883 carnis
1477 1856 1646 1898 corpora

97 1912 304 1953 seminari.
353 1910 566 1953 Adserunt
585 1912 711 1952 etiam
733 1910 925 1952 fatalibus
948 1910 1078 1952 stellis
1100 1910 1288 1952 homines
1312 1911 1553 1965 conligatos,
1580 1913 1643 1967 ip-

97 1993 270 2035 sumque
292 1994 440 2035 corpus
461 1984 648 2022 nostrum
670 1979 897 2021 secundum
919 1979 1137 2021 duodecim
1158 1981 1275 2034 signa
1291 1980 1397 2022 caeli
1418 1994 1508 2022 esse
1532 1995 1643 2022 com-

95 2050 289 2105 positum.
333 2049 506 2090 Prorsus
528 2050 635 2089 sicut
655 2050 684 2089 ii
706 2050 775 2103 qui
795 2048 1078 2090 mathematici
1098 2048 1219 2102 vulgo
1242 2048 1523 2104 appellantur,
1546 2063 1643 2091 con-

97 2119 276 2159 stituunt
294 2118 338 2158 in
359 2118 494 2172 capite
515 2118 701 2170 arietem,
722 2122 886 2158 taurum
906 2119 950 2158 in
972 2118 1145 2170 cervice,
1177 2119 1362 2171 geminos
1383 2118 1428 2159 in
1447 2118 1644 2171 humeris,

99 2200 294 2228 cancrum
321 2187 365 2226 in
391 2189 579 2240 pectore,
616 2190 657 2226 et
684 2191 822 2227 cetera
847 2187 1094 2227 nominatim
1119 2187 1237 2239 signa
1266 2190 1556 2241 percurrentes
1593 2186 1645 2228 ad

98 2254 261 2311 plantas
290 2269 313 2295 a
334 2255 450 2307 signo
474 2253 626 2295 Christi
657 2254 847 2307 adsigna
876 2254 1094 2308 1astrologi
1121 2256 1413 2308 migraverunt.
1465 2255 1576 2297 Haec
1605 2260 1646 2296 et

99 2323 180 2365 alia
199 2322 389 2365 fabulosa
409 2327 450 2363 et
469 2336 576 2363 vana
596 2322 727 2364 multa
748 2323 998 2377 confingunt.
1050 2323 1207 2365 Uxores
1235 2338 1259 2364 a
1278 2325 1378 2365 viris
1402 2337 1503 2378 quas
1524 2328 1642 2379 potu-

99 2394 209 2434 erint
233 2395 439 2448 separant.
492 2391 644 2432 Carnes
672 2393 779 2432 sicut
805 2391 1035 2433 Manichaei
1063 2392 1237 2446 fugiunt.
1287 2392 1558 2447 Apocryphas
1587 2394 1642 2434 si-

98 2460 184 2502 mul
211 2474 306 2503 cum
332 2461 542 2501 canonicis
573 2461 787 2514 scripturis
815 2461 1044 2516 accipiunt,
1072 2465 1114 2501 et
1140 2462 1184 2501 in
1206 2474 1353 2502 sensus
1375 2474 1471 2501 suos
1492 2461 1643 2513 allego-

98 2528 265 2571 rizando
287 2532 544 2571 convertunt.
577 2528 820 2569 Trinitatem
845 2533 995 2582 autem,
1017 2531 1125 2570 sicut
1146 2529 1385 2582 Sabelliani,
1406 2531 1543 2583 ipsum
1565 2528 1645 2569 sibi

99 2602 273 2653 patrem,
293 2599 432 2654 ipsum
453 2597 532 2638 sibi
550 2596 693 2650 filium,
715 2598 851 2652 ipsum
868 2598 947 2639 sibi
965 2603 1155 2639 sanetum
1173 2599 1364 2652 spiritum
1383 2598 1642 2638 confitentur.

1671 1512 1736 1544 Cap.
1757 1512 1838 1538 Lxx.

183 2666 539 2722 Septuagesimam
561 2670 602 2706 et
623 2666 799 2719 primam
819 2665 1025 2707 haeresim
1045 2665 1261 2718 Adelofagi
1282 2665 1549 2718 inchoarunt,
1581 2665 1642 2706 di·
1669 2677 1734 2709 Cap.
1759 2677 1855 2703 Lxxi.

101 2739 241 2777 centes
261 2748 346 2777 non
367 2734 510 2776 decere
533 2734 589 2775 ita
610 2733 749 2775 cibum
769 2748 929 2776 sumere
947 2734 1242 2786 Christianum,
1263 2738 1309 2773 ut
1330 2733 1380 2774 ab
1403 2733 1481 2775 alio
1504 2733 1642 2774 videa—

102 2807 168 2845 tur
188 2803 287 2845 dum
308 2803 498 2845 comedit.
548 2802 599 2844 Et
619 2802 719 2844 haec
742 2801 828 2843 sola
849 2816 971 2844 causa
999 2816 1067 2844 eos
1089 2802 1139 2843 ab
1163 2801 1339 2842 ecclesia
1368 2815 1557 2857 separare
1581 2801 1642 2843 ‹li-

102 2873 297 2914 noscitur.
346 2872 593 2914 Trinitatem
614 2872 726 2912 enim
747 2871 932 2913 eiusdem
952 2872 1209 2912 substantiae
1231 2872 1489 2912 confitentur.
1540 2870 1642 2924 Ege-

103 2944 198 2982 runt
217 2954 312 2982 eum
331 2941 392 2982 eis
413 2941 596 2996 episcopi
618 2939 666 2980 (le
688 2938 860 2993 Epheso.

186 3007 541 3065 septuagesimam
567 3012 609 3049 et
638 3006 863 3049 secundam
882 3005 1086 3049 haeresim
1115 3006 1456 3050 Rhetorianorum
1491 3021 1515 3047 a.
1534 3006 1643 3049 Rhe-
1669 3018 1735 3052 Cap.
1754 3019 1865 3045 Lxxu,

170 3085 252 3133 Cap.
269 3087 377 3122 Lxx.
395 3107 438 3114 —
458 3087 485 3121 1.
505 3086 711 3130 astrologiae
727 3085 797 3119 MS.
818 3085 905 3130 Auq.

1314 3143 1374 3176 17*
