2052 3374
521 224 726 251 AUGUSTINI
745 226 796 252 DE
816 226 1051 253 HAERESIBUS
1070 225 1191 253 LIBER
1567 231 1645 271 197

100 331 299 373 Graecam
319 332 658 385 supputationem
679 330 857 372 eundem
877 345 1096 373 numerum
1125 330 1346 387 complent.
1399 331 1506 374 Sunt
1534 334 1646 374 enim

98 402 278 454 septem,
311 406 338 438 A
365 403 406 440 et
427 403 450 436 B
485 404 525 440 et
555 402 578 435 P
606 403 647 440 ct
673 404 695 435 A
726 404 766 440 et
793 404 816 437 Σ
846 404 887 440 et
913 405 938 437 A
970 405 1010 441 et
1039 403 1065 435 Ξ
1093 401 1135 441 id
1168 405 1231 441 est
1260 415 1390 442 unum
1421 405 1463 442 et
1493 401 1571 443 duo
1603 406 1645 442 et

99 471 266 509 centum
294 472 337 509 et
364 481 495 508 unum
523 472 565 508 et
585 470 798 521 sexaginta
827 472 868 509 et
887 482 1016 509 unum
1045 473 1085 509 ct
1107 468 1304 523 ducenta,
1337 483 1440 524 quae
1468 470 1573 511 fiunt
1598 471 1643 512 in

98 549 259 578 summa
277 535 293 561 2
301 539 490 577 trecenta
510 538 725 591 sexaginta
745 538 938 591 quinque.

178 604 408 648 Nicolaitae
429 620 454 646 a
468 605 637 647 Nicolao
658 606 861 646 nominati
879 609 997 658 sunt,
1019 619 1122 659 uno,
1143 611 1189 647 ut
1205 607 1469 662 perhibetur,
1491 621 1541 648 ex
1559 607 1643 649 illis

95 677 254 729 septem
285 687 386 728 quos
418 674 593 729 apostoli
627 673 821 715 diaconos
854 673 1180 715 ¹0rdinaverant.
1232 676 1313 716 Iste
1347 690 1442 718 cum
1473 676 1523 717 de
1555 676 1641 718 zelo

93 742 394 798 pulchen·imae
417 744 603 797 coniugis
625 742 880 798 culparetur,
909 742 1021 790 velut
1048 744 1254 798 purgandi
1275 758 1318 784 se
1341 740 1465 786 causa
1484 747 1640 800 permi-

93 813 196 852 sisse
218 811 346 852 fertur
365 815 413 852 ut
433 825 481 852 ea
502 813 572 866 qui
593 811 717 853 vellet
736 814 933 852 uteretur.
985 811 1102 862 Quod
1124 814 1211 853 eius
1233 813 1391 854 factum
1419 816 1460 854 in
1483 819 1641 857 sectam

93 881 375 935 turpissimam
402 893 570 922 versum
598 884 680 933 est,
709 893 790 934 qua
816 880 955 935 placet
982 894 1081 921 usus
1108 881 1349 922 indifferens
1377 882 1638 924 feminarum.

91 949 145 990 Hi
165 962 241 990 nec
262 948 314 990 ab
335 950 386 990 iis
409 963 512 1004 quae
534 949 655 990 idolis
677 948 944 990 immolantur
967 949 1080 990 cibos
1103 963 1198 991 suos
1229 954 1444 1004 separant,
1473 955 1514 992 et
1535 952 1639 993 alios

91 1018 194 1058 ritus
224 1017 442 1071 gentilium
472 1019 814 1073 superstitionum
845 1031 927 1059 non
958 1016 1239 1059 2aversantur.
1299 1018 1479 1060 Narrant
1513 1021 1639 1062 etiam

91 1085 293 1141 quaedam
312 1085 500 1127 fabulosa
521 1086 572 1127 de
593 1085 769 1139 mundo,
799 1088 938 1127 nescio
969 1100 1072 1141 qnae
1100 1086 1277 1128 barbara
1304 1089 1541 1142 principiun
1561 1103 1635 1129 no—

89 1155 204 1196 mina
230 1155 455 1195 miscentes
487 1154 838 1210 disputationibus
870 1156 977 1207 suis,
1019 1155 1168 1209 quibus
1201 1159 1385 1197 terreant
1415 1156 1637 1210 auditores,

90 1235 192 1277 quae
213 1221 488 1278 prudentibus
511 1224 640 1264 risum
660 1225 798 1278 potius
821 1223 976 1265 faciunt
1000 1237 1123 1278 quam
1143 1226 1348 1266 timorem.
1390 1225 1635 1279 Intelligun-

88 1295 156 1332 tur
174 1294 314 1332 autem
334 1293 460 1332 etiam
487 1293 557 1332 isti
585 1306 669 1333 non
699 1292 773 1333 deo
802 1292 983 1333 tribuere
1007 1297 1259 1346 creaturam,
1292 1293 1365 1334 sed
1387 1294 1636 1348 quibusdam

89 1360 363 1415 potestatibus
386 1373 488 1414 quas
508 1360 688 1401 mirabili
709 1360 776 1401 vel
798 1361 959 1414 fingunt
979 1363 1161 1402 vanitate
1184 1362 1253 1403 vel
1275 1362 1461 1404 credunt.

172 1429 360 1470 Gnostici
386 1433 557 1484 propter
585 1429 876 1470 excellentiam
905 1431 1102 1471 scientiae
1133 1432 1190 1471 sic
1219 1445 1261 1471 se
1291 1432 1519 1486 appellatos
1544 1447 1634 1475 esse

86 1496 150 1538 vel
172 1497 370 1552 appellari
399 1497 591 1539 debuisse
621 1497 867 1552 gloriantur,
896 1513 988 1539 cum
1017 1501 1100 1539 sint
1128 1500 1410 1554 superioribus
1442 1503 1634 1544 omnibus

87 1567 275 1607 vaniores
296 1569 419 1620 atque
441 1568 659 1622 turpiores.
699 1567 887 1621 Denique
911 1582 1005 1608 cum
1026 1568 1077 1608 ab
1099 1568 1191 1609 aliis
1215 1573 1336 1625 atque
1360 1569 1452 1610 aliis
1474 1585 1547 1625 per
1571 1572 1632 1612 (li-

85 1648 225 1676 versas
252 1638 457 1676 terrarum
485 1639 624 1690 partes
655 1635 776 1676 aliter
805 1640 925 1690 atque
954 1636 1073 1677 aliter
1098 1642 1412 1693 nuncupentur,
1444 1640 1635 1682 nonnulli

86 1717 155 1746 eos
177 1705 303 1745 etiam
321 1703 561 1745 Borboritas
583 1709 745 1757 vocant,
768 1706 885 1758 quasi
907 1719 1124 1758 coenosos,
1152 1711 1322 1762 propter
1351 1709 1523 1749 nimiam
1545 1713 1632 1750 tur-

85 1771 331 1828 pitudinem,
353 1786 477 1826 quam
498 1775 541 1813 in
563 1775 648 1813 suis
670 1775 879 1827 mysteriis
902 1787 1093 1815 exercere
1116 1775 1322 1816 dicuntur.
1354 1776 1496 1831 Aliqui
1517 1792 1585 1819 eos
1610 1793 1634 1820 a

82 1840 299 1883 Nicolaitis
317 1845 480 1882 exortos
497 1846 659 1896 putant,
682 1841 807 1896 aliqui
825 1856 847 1882 a
865 1842 1110 1897 Carpocrate
1129 1843 1178 1884 de
1197 1858 1275 1898 quo
1292 1850 1387 1900 post
1404 1845 1631 1900 loquemur.

84 1909 272 1951 Tradunt
292 1913 433 1951 autem
455 1909 649 1963 dogmata
670 1910 989 1952 fabulosissimis
1009 1912 1134 1967 plena
1154 1912 1383 1966 figmentis:
1406 1916 1532 1956 etiam
1552 1918 1633 1971 ipsi

84 1979 319 2034 principum
345 1978 410 2019 vel
437 1978 677 2032 angelorum
704 1979 943 2021 nominibus
972 1980 1227 2022 terribilibus
1257 1983 1442 2024 infirmas
1472 1986 1632 2027 animas

85 2048 273 2102 capiunt,
295 2051 335 2088 et
356 2047 405 2088 de
429 2047 502 2088 deo
524 2061 743 2102 rerumque
765 2052 913 2089 natura
933 2048 1121 2091 sabulosa
1142 2054 1181 2091 et
1202 2065 1225 2091 a
1247 2053 1424 2092 sanitate
1447 2055 1632 2096 veritatis

85 2114 219 2156 aliena
246 2115 378 2156 multa
405 2119 641 2157 contexunt.
693 2117 938 2159 Animarum
966 2119 1244 2160 substantiam
1273 2120 1339 2161 dei
1369 2120 1511 2163 dicunt
1539 2137 1630 2164 esse

84 2187 287 2237 naturam,
308 2197 531 2238 earumque
554 2184 779 2226 adventum
796 2187 837 2226 in
854 2186 954 2228 haec
978 2187 1170 2243 ¹corpora
1188 2193 1227 2229 et
1244 2189 1422 2230 reditinn
1439 2191 1491 2232 ad
1509 2191 1631 2233 deum

83 2251 233 2294 iisdem
253 2254 341 2294 suis
362 2253 513 2294 fabulis
533 2253 788 2307 longissimis
811 2260 851 2295 et
872 2255 1128 2298 stultissimis
1152 2258 1380 2299 secundum
1402 2272 1497 2300 suos
1519 2275 1628 2302 erro-

84 2334 149 2362 res
169 2322 378 2362 inserunt:
400 2325 441 2362 et
462 2321 553 2376 illos
575 2323 645 2376 qui
667 2324 726 2362 eis
749 2323 921 2364 credunt
942 2325 1098 2366 faciunt
1119 2340 1201 2367 non
1222 2326 1375 2380 inulta,
1403 2332 1449 2368 ut
1468 2334 1630 2384 putant,

85 2390 258 2431 scientia
273 2390 543 2445 praepollere,
561 2391 634 2431 sed
651 2391 796 2444 multa,
813 2397 856 2432 ut
874 2394 930 2434 ita
948 2393 1094 2447 dicam,
1112 2395 1376 2437 fabulositate
1390 2411 1625 2441 vanescere.

82 2457 286 2499 Dicuntur
302 2472 462 2514 quoque
480 2460 636 2501 bonum
654 2459 777 2500 deum
799 2465 839 2501 et
859 2461 1014 2503 malum
1035 2463 1157 2505 deum
1179 2465 1221 2504 in
1244 2466 1329 2504 suis
1351 2464 1502 2507 habere
1528 2466 1626 2521 dog-

81 2527 273 2569 matibus.

149 2627 181 2661 2.
206 2627 356 2662 Veterum
366 2628 462 2662 MSS.
482 2631 684 2661 auctoritate
702 2633 915 2674 erpunzimus
931 2633 1034 2666 verba
1052 2632 1137 2666 haec
1152 2646 1236 2678 quac
1251 2636 1290 2668 de
1306 2635 1536 2668 Basilidiam's
1548 2636 1628 2670 hac-

83 2674 198 2706 reric-is
214 2675 298 2707 editi
313 2675 460 2708 addunt.-
476 2674 645 2708 Mundum
663 2675 766 2708 istum
784 2676 836 2709 vel
854 2675 1027 2711 hominem
1044 2689 1114 2713 non
1132 2680 1271 2713 credunt
1289 2691 1307 2713 a
1326 2681 1386 2713 (leo
1404 2681 1548 2722 factum,
1567 2682 1627 2716 sed

83 2727 103 2751 a
117 2719 356 2753 trecentesimo
374 2721 594 2764 sexagesimo
613 2721 731 2764 quinto
749 2722 852 2755 caelo.
885 2723 1061 2757 Amatoria
1085 2726 1234 2759 carmina
1252 2726 1403 2760 studiose
1422 2727 1565 2761 discunt.
1597 2730 1625 2762 A

82 2761 215 2798 Iudaeis
231 2775 302 2798 non
318 2765 461 2799 credunt
478 2765 650 2799 Christum
668 2767 880 2809 crucifixum,
899 2769 957 2802 sed
975 2768 1151 2804 Simonem
1170 2770 1416 2815 Cyrenensem,
1441 2773 1499 2817 qui
1518 2784 1623 2818 anga-

82 2808 188 2842 riatus
205 2811 343 2844 sustulit
358 2822 494 2844 crucem
511 2811 594 2844 eius.
627 2810 787 2854 (Bened.)

145 2853 335 2900 .Gap.V.—
354 2857 382 2891 l.
403 2857 480 2890 Act.
507 2856 607 2897 VI,5.
671 2856 700 2890 ’2.
720 2856 785 2891 Ed.
803 2857 1063 2892 Lot-aniensium
1079 2860 1314 2896 adversantur.
1349 2863 1470 2896 Melius
1483 2863 1623 2898 Erasmi

83 2899 183 2933 editio
200 2912 272 2933 cum
288 2901 384 2935 MSS.
402 2907 614 2935 aversantur.
650 2901 804 2947 (Bened.)

149 2943 230 2991 cap.
246 2945 304 2980 VI.
322 2967 364 2972 —
384 2947 412 2980 1.
428 2947 545 2981 Editio
562 2947 718 2980 Erasmz':
737 2959 876 2993 corpora
894 2961 970 2983 cnm
989 2950 1064 2984 aliis
1083 2951 1191 2986 aereis
1209 2955 1389 2988 animabus
1404 2955 1519 2988 dicunt
1538 2956 1620 2998 fieri,

83 2998 144 3034 per
159 3001 245 3035 quas
267 2995 408 3037 peccata
429 2993 466 3026 in
491 2993 688 3037 corporibus
712 2995 980 3029 committuntur.
1026 2995 1113 3030 Nam
1136 2999 1212 3032 illas
1237 3001 1369 3033 animas
1394 3011 1481 3045 quae
1505 3013 1547 3035 ex
1566 3002 1619 3038 dei

107 3035 271 3070 recedunt
291 3038 485 3071 substantia
506 3039 628 3072 reverti
652 3038 693 3071 ad
718 3038 820 3073 deum
842 3040 1093 3076 immaculatas
1140 3044 1307 3079 Dicuntur
1330 3052 1403 3080 cett.
1429 3045 1555 3080 Locum
1580 3060 1620 3082 ex

123 3079 180 3114 SS.
198 3083 441 3127 exemplaribus
458 3085 734 3127 redinteqrarunt
750 3084 984 3120 Lot-am'enses.
1020 3086 1176 3133 (Bened)

1669 618 1736 652 Cap.
1757 619 1787 644 V.

1661 1439 1726 1473 Cap.
1747 1439 1796 1466 VI.
