2052 3374
1587 207 1667 248 391

119 312 328 360 praeiudicio
343 312 432 357 legis
449 311 612 353 eiusdem,
629 313 665 346 in
682 321 787 346 causa
797 310 1013 345 necessitatis
1026 310 1081 344 vel
1092 309 1305 355 privationis,
1321 309 1431 355 possit
1442 319 1568 354 pueros
1581 319 1668 342 non·

120 360 204 394 dum
216 363 317 394 natos
333 364 432 392 extra
449 363 584 392 uterum
604 359 697 391 intus
722 356 936 391 sanctificare
953 356 1085 401 gratiae
1099 366 1182 389 suae
1195 356 1377 400 baptismo,
1394 354 1449 387 vel
1461 354 1586 388 virtute
1600 355 1668 400 spi-

119 405 205 440 ritus
221 404 344 446 sancti,
358 408 399 438 ut
415 404 463 437 ait
479 404 648 438 Iohannes
666 403 706 436 de
722 403 855 438 Gerson
869 413 1017 435 sermon.
1034 402 1070 435 in
1086 401 1219 434 nativit.
1234 401 1364 434 Mariae
1381 400 1525 444 virginis
1540 406 1624 445 part.
1635 399 1667 434 3.

120 450 320 485 considerat.
338 449 369 484 2.
387 449 447 483 fol.
463 449 518 484 59.
542 449 629 483 Vere
645 449 751 493 igitur
768 448 886 482 scribit
902 447 1062 481 Albertus
1078 447 1229 492 Magnus
1247 446 1489 480 Ratisboneus.
1507 446 1610 491 episc.
1625 445 1667 480 de

120 501 335 531 sacramento
352 494 578 529 eucharistiae
595 495 742 529 distinct.
759 493 815 527 VI.
838 498 936 526 tract.
954 492 984 526 2.
1009 503 1081 537 cap.
1103 493 1131 527 l.
1172 492 1237 525 Ille
1260 495 1293 525 in
1317 504 1378 536 quo
1401 491 1587 535 baptismus
1604 504 1668 525 non

120 547 305 586 contemptu
320 542 504 584 reliqionis,
521 541 582 574 sed
589 553 656 584 per
673 540 850 573 articulum
866 541 1076 572 necessitatis
1088 539 1287 578 excluditur,
1305 550 1367 570 non
1382 540 1509 570 amittit
1514 541 1668 581 fructum

119 588 290 633 baptismi,
301 587 363 620 sed
378 587 568 631 baptizatus
583 586 746 630 baptismo
753 585 909 629 flaminis
926 587 959 617 in
975 586 1098 628 spiritu
1115 589 1232 616 sancto
1250 589 1436 628 reputatur.
1475 582 1565 616 Tunc
1583 585 1667 616 enim

117 633 276 677 impletur
289 632 515 672 invisibiliter,
533 643 605 665 cum
621 633 808 674 mysterium
827 631 986 674 baptismi
1001 641 1064 661 non
1081 635 1283 673 contemptus
1298 630 1489 671 reliyionis,
1506 629 1568 662 sed
1583 632 1668 662 arti-

119 679 212 712 culus
227 680 436 712 necessitatis
451 678 607 711 excludit.
630 676 751 710 Petrus
768 674 982 709 Lombardus
999 679 1144 708 sentent.
1163 674 1220 709 lib.
1240 674 1295 708 IV.
1313 674 1462 708 distinct.
1480 673 1535 707 IV.
1560 673 1667 708 Bern-

117 723 246 758 hardus
261 723 378 758 Abbas
395 722 596 757 claraevall.
613 723 712 768 epist.
728 720 901 756 LXXVII.
918 720 960 753 ad
976 720 1160 764 Hugonem
1184 719 1224 753 de
1242 719 1278 754 S.
1297 720 1444 753 Victore.
1484 719 1666 754 Durandus

116 769 177 804 lib.
190 768 249 804 IV.
267 769 416 803 distinct.
433 769 490 802 IV.
507 772 638 813 quaest.
655 767 680 801 Ι.
700 766 871 811 Georgius
888 765 1080 799 Cassander
1097 765 1137 798 de
1155 766 1324 811 baptismo
1338 765 1520 806 infantum,
1537 766 1573 799 in
1587 777 1666 799 con-

119 815 199 850 sult.
216 814 260 849 ad
274 814 528 848 Ferdinandum
545 813 632 859 Imp.
651 813 794 847 articulo
805 812 864 845 IX.
880 810 976 857 p.61.
993 810 1284 845 Iohan.Ca1vinus
1302 812 1342 844 de
1355 811 1524 856 baptismo
1541 810 1665 846 lib.IV.

119 860 266 895 institut.
284 871 358 906 cap.
373 860 450 894 XV.
469 861 488 903 ξ
505 859 560 894 20.
578 869 652 904 cap.
667 857 760 892 XVI.
779 859 797 901 ξ
815 856 869 892 28.

185 905 328 940 Nullum
344 904 627 940 catechumenum
649 904 756 938 vitam
778 908 955 938 aeternam
978 901 1104 936 habere
1129 902 1310 947 credimus]
1351 903 1460 936 Autor
1483 902 1523 936 de
1539 901 1606 936 fide
1624 902 1668 937 ad

118 951 259 986 Petrum
273 951 466 993 Diaconum
484 961 558 996 cap.
572 949 604 985 3.
621 949 681 984 fol.
700 949 772 984 159.
803 948 861 982 Ex
876 949 934 982 illo
952 954 1105 993 tempore,
1123 960 1184 992 quo
1201 950 1355 981 salrator
1372 954 1480 981 noster
1498 949 1601 982 dizit.-
1627 948 1668 982 Si

119 1000 194 1042 quis
207 1003 426 1042 reyeneratus
442 1009 506 1030 non
514 998 628 1040 suerit
641 1007 681 1028 ez
697 1007 787 1040 aqua
805 1000 837 1027 et
850 996 989 1039 spiritu,
1015 1005 1079 1027 non
1099 999 1209 1038 potest
1229 996 1368 1032 introire
1386 996 1420 1026 in
1438 1006 1573 1036 reynum
1591 995 1664 1028 dei.-

119 1043 242 1087 absque
256 1048 468 1076 sacramento
485 1042 698 1086 baptismatis
713 1041 867 1085 (praeter
883 1051 952 1080 eos,
977 1042 1034 1084 qui
1050 1042 1085 1073 in
1102 1040 1246 1073 ecclesia
1264 1033 1435 1072 catholica
1452 1042 1523 1072 sine
1540 1040 1666 1084 baptis-

118 1094 207 1122 mate
214 1100 284 1134 pro
301 1087 433 1122 Christo
448 1089 645 1130 sanquinem
651 1087 817 1130 fundunt)
842 1097 901 1119 nec
918 1097 1054 1128 regnum
1079 1085 1247 1118 caelorum
1263 1090 1370 1126 potest
1384 1088 1554 1129 quisquam
1573 1088 1666 1118 acci-

114 1145 208 1178 pem,
224 1145 286 1168 nec
300 1136 404 1167 vitam
421 1139 603 1166 aeternam.
636 1131 783 1176 Cyrillus
802 1130 1099 1175 Hierosolymitan.
1113 1129 1144 1164 3.
1163 1128 1329 1164 cateches.
1346 1130 1530 1164 illuminat.
1547 1130 1666 1164 Hiero-

118 1180 241 1224 solym.
282 1205 291 1213 .
304 1178 358 1212 61.
371 1179 443 1218 εἲτις
461 1177 504 1223 μὴ
517 1175 600 1221 λὰβη
618 1177 655 1210 τὸ
674 1175 849 1222 βάπτισμα,
868 1175 1028 1221 σωτηρίαν
1045 1175 1105 1208 οὐκ
1122 1173 1198 1220 ἔγει,
1216 1174 1300 1218 πλὴν
1319 1175 1416 1220 μόνον
1435 1176 1617 1220 μαρτύρων,
1636 1176 1667 1209 οἳ

118 1224 172 1258 καὶ
183 1236 286 1270 χωρις
297 1226 356 1257 τοῦ
372 1223 490 1262 ’ὕδατος
506 1214 708 1268 λαμβάνουσι
725 1221 781 1265 τὴν
800 1221 973 1266 βασιλείαν.
997 1220 1037 1254 St
1052 1224 1124 1266 quis
1141 1213 1202 1255 non
1220 1222 1428 1266 baptisatur,
1446 1223 1583 1254 salutem
1603 1234 1667 1254 non

117 1270 227 1311 babet,
237 1276 381 1315 praeter
392 1270 478 1304 solos
490 1275 665 1312 martyres,
683 1271 740 1313 qui
754 1269 807 1301 rel
817 1271 888 1301 sine
901 1279 991 1312 aqua
1008 1279 1112 1310 reqno
1125 1268 1264 1301 caelesti
1270 1270 1453 1311 potiantur.
1478 1266 1668 1302 Bernhardi

117 1315 289 1350 sententia
305 1315 496 1360 benignior,
511 1315 625 1359 magis
643 1315 734 1348 enim
750 1313 893 1347 inclinat
909 1312 951 1346 ad
969 1313 1227 1346 humanitatem.
1254 1313 1295 1345 In
1313 1316 1446 1353 maio-ri,
1463 1313 1584 1358 (inquit
1597 1313 1667 1358 epi-

118 1361 207 1396 stola
221 1360 395 1395 LXXVII.
412 1359 455 1394 ad
470 1360 654 1406 Hugonem
670 1359 730 1394 fol.
749 1357 859 1402 1483.)
884 1365 994 1392 aetate
1017 1361 1163 1403 quisquis
1180 1365 1260 1403 post
1280 1359 1450 1401 vutqatum
1474 1359 1590 1402 ubique
1608 1360 1665 1392 ba-

111 1409 232 1453 ptismi
246 1407 427 1440 remedium
442 1409 553 1440 renuit
567 1409 637 1439 iam
654 1406 841 1450 baptizari,
857 1405 1012 1448 yenerali
1032 1405 1257 1448 oriyz'naliqae
1280 1405 1433 1437 maculae
1457 1406 1557 1437 addit
1580 1411 1609 1437 et
1626 1416 1666 1437 ea:

112 1455 288 1498 proposito
305 1454 431 1486 crimen
445 1451 624 1496 superbiae
646 1451 811 1495 duplicem
833 1461 943 1483 secum
961 1457 1108 1494 portans
1124 1452 1325 1483 iustissimae
1342 1451 1569 1483 damnationis
1586 1462 1665 1483 cau-

116 1510 200 1539 sam,
216 1501 248 1532 si
261 1501 312 1531 sic
329 1499 370 1532 de
386 1509 526 1542 corpore
542 1499 633 1530 exire
650 1499 836 1540 contiqerit.
867 1495 991 1529 Tamen
1007 1499 1038 1528 si
1054 1501 1131 1529 ante
1149 1498 1271 1528 exitum
1288 1499 1484 1540 resipuerit,
1511 1503 1543 1529 et
1558 1497 1664 1529 volue-

118 1546 173 1585 rit,
191 1550 223 1577 et
230 1545 371 1588 petierit
387 1543 567 1587 baptizari,
591 1543 651 1576 sed
666 1545 780 1576 mortis
791 1547 1066 1586 praeoccupatus
1083 1542 1227 1575 articulo
1240 1544 1335 1585 sorte
1353 1542 1500 1575 obtinere
1515 1545 1664 1586 nequit-e-

117 1591 174 1630 rit,
191 1589 267 1622 dum
284 1600 349 1622 non
365 1589 453 1622 desit
457 1589 546 1633 fides
562 1594 675 1628 recta,
699 1599 774 1632 spes
784 1590 860 1631 pia,
879 1586 1034 1620 ebaritas
1049 1589 1202 1627 sincera,
1222 1589 1393 1631 propitius
1415 1590 1462 1620 sit
1476 1586 1557 1619 mihi
1574 1589 1664 1628 deus,

117 1637 198 1680 quia
215 1645 274 1679 eqo
290 1633 369 1667 huic
385 1634 424 1668 ob
440 1634 546 1668 solam
562 1645 684 1678 aquam
707 1635 738 1666 si
762 1634 922 1677 defuerit,
949 1644 1154 1677 nequaquam
1177 1635 1306 1666 omnino
1325 1644 1459 1677 possum
1483 1634 1665 1677 desperare

116 1681 266 1720 salutem,
284 1691 344 1714 nec
359 1691 504 1713 vacuam
520 1681 660 1713 credere
668 1679 782 1723 fidem,
801 1690 859 1712 nec
877 1679 1078 1722 confundere
1093 1690 1194 1722 spem,
1212 1689 1271 1712 nec
1285 1680 1439 1712 excidere
1452 1678 1664 1720 charitatem,

118 1731 245 1760 tantum
261 1727 294 1758 si
308 1737 432 1770 aquam
448 1737 512 1758 non
528 1731 738 1768 contemptus,
755 1725 816 1757 sed
829 1725 902 1757 sola
919 1727 971 1764 (ut
982 1725 1069 1766 dixi)
1079 1723 1263 1768 prohibeat
1274 1724 1535 1768 impossibilitas.
1561 1725 1665 1758 Acce·

118 1771 168 1806 dit
183 1771 388 1805 Ambrosius
412 1770 453 1804 de
477 1770 573 1804 obitu
596 1769 828 1803 Valentiniani
849 1768 934 1814 Imp.
957 1767 1067 1803 adhuc
1092 1768 1329 1803 catechumeni
1351 1775 1433 1803 tom.
1447 1770 1486 1803 V.
1510 1770 1569 1805 fol.
1590 1770 1662 1805 11⁵2.

116 1817 232 1850 Audio
247 1827 306 1851 vos
320 1817 432 1850 dolere
447 1817 534 1861 quod
555 1828 618 1849 uon
639 1818 812 1860 acceperit
832 1822 1048 1848 sacramenta
1067 1815 1289 1859 baptismatis.
1329 1815 1444 1849 Dicite
1461 1816 1559 1856 milzi,
1583 1817 1667 1860 quid

118 1863 216 1896 aliud
230 1869 279 1896 est
292 1865 329 1895 in
344 1862 438 1896 nobis
453 1864 520 1894 nisi
534 1862 703 1901 voluntas,
729 1863 796 1894 nisi
805 1863 935 1906 petitio.
974 1861 1080 1905 Atqui
1103 1862 1224 1894 dudum
1247 1860 1308 1894 hoc
1332 1864 1402 1894 coti
1417 1860 1536 1894 habuit
1550 1868 1587 1895 ut
1600 1864 1665 1894 im·-

117 1910 272 1943 tear-etur.
312 1907 393 1941 Non
414 1907 516 1941 habet
535 1919 614 1951 erqo
635 1909 787 1950 qratiam
811 1918 909 1951 quam
932 1907 1156 1947 desideravit3
1180 1918 1242 1940 non
1267 1906 1367 1940 lzabet
1382 1919 1478 1951 quam
1491 1910 1666 1952 poposcit!

118 1960 208 1988 certe
222 1956 303 1999 quia
314 1955 486 1998 poposcit,
509 1955 652 1997 accepit.
700 1951 792 1986 Unde
814 1958 864 1985 est
883 1952 986 1985 illud:
1008 1954 1114 1985 iustus
1130 1964 1323 1997 quacunque
1344 1958 1447 1986 morte
1457 1959 1665 1997 praeventus

109 2001 237 2045 fuerit,
261 2001 378 2032 anima
402 2001 471 2031 eius
494 2001 530 2031 in
552 2000 734 2042 refriqerio
757 2004 813 2031 est.
851 1996 948 2031 Solve
969 2000 1075 2041 iqitur
1090 2004 1196 2042 pater
1218 2004 1335 2031 sancte
1356 2010 1471 2031 munus
1487 2010 1581 2032 sert-0
1599 2005 1664 2040 tuo,

117 2045 205 2090 quod
215 2046 372 2089 poposcit
384 2055 496 2084 sanus,
512 2044 674 2083 robustus,
690 2044 874 2076 incolumis.
897 2042 937 2076 Si
952 2045 1093 2088 affectus
1110 2045 1322 2087 aeqritudine
1339 2045 1536 2084 distulisset,
1556 2051 1666 2078 tamen

119 2102 181 2124 ιιοιι
191 2092 327 2134 penitus
343 2102 365 2122 a
381 2097 439 2123 tua
456 2090 691 2122 misericordia
709 2095 792 2122 esset
808 2089 947 2129 alienus,
964 2092 1021 2133 qui
1037 2089 1209 2123 celeritate
1226 2092 1399 2134 tempori-3,
1418 2102 1479 2123 non
1497 2091 1664 2124 voluntate

117 2141 202 2170 esset
213 2136 415 2179 fraudatus.
458 2134 526 2174 Qui
545 2134 662 2167 habuit
684 2137 838 2179 spiritum
855 2140 957 2174 tuum,
983 2135 1138 2179 quomodo
1162 2147 1225 2168 non
1242 2138 1377 2180 accepit
1391 2138 1542 2179 qratiam
1562 2143 1662 2169 tuam.

119 2181 192 2214 Aut
204 2182 237 2213 si
251 2183 331 2225 quia
347 2181 526 2214 solenniter
541 2192 603 2213 uon
620 2186 697 2212 sunt
712 2180 882 2213 celebrata
900 2182 1068 2223 mysteria,
1086 2179 1148 2213 boc
1164 2187 1285 2214 movet.-
1303 2192 1381 2224 erqo
1399 2188 1430 2214 et
1442 2188 1617 2225 martyres,
1634 2185 1666 2214 si

118 2225 350 2260 catechumeni
363 2231 449 2266 sunt,
465 2237 528 2258 non
545 2231 756 2259 coronentur.
780 2224 859 2258 Non
876 2228 959 2258 enim
978 2231 1193 2266 coronantur,
1210 2229 1242 2259 si
1257 2238 1319 2260 non
1336 2229 1527 2260 initiantur.
1569 2228 1665 2266 Quod

116 2274 148 2305 si
161 2282 220 2305 suo
237 2271 417 2304 abluuntur
431 2273 604 2314 sanquine,
623 2276 656 2304 et
668 2270 755 2303 hunc
771 2282 832 2303 sua
846 2273 959 2315 pietas
973 2271 1081 2304 abluit
1095 2277 1127 2304 et
1138 2273 1299 2306 voluntas.
1325 2271 1511 2317 Zwinglius
1525 2284 1594 2306 non
1609 2284 1663 2306 so-

116 2317 191 2351 lum
205 2315 480 2357 catechumenis,
504 2317 563 2360 qui
582 2317 619 2350 in
642 2315 741 2350 bonis
758 2316 917 2361 operibus
933 2317 1062 2350 mortui
1077 2322 1173 2358 sunt,
1195 2328 1314 2351 verum
1337 2318 1440 2351 etiam
1463 2319 1661 2362 gentilibus,

118 2363 178 2416 qui
193 2362 333 2396 omnino
347 2360 520 2395 Christum
536 2362 749 2406 ignorarunt,
765 2362 873 2395 vitam
886 2367 1060 2395 aeternam
1076 2363 1267 2407 pollicetur.
1291 2363 1343 2397 Ita
1359 2364 1452 2397 enim
1467 2364 1503 2397 in
1517 2364 1663 2409 exposit.

116 2407 199 2442 ndei
214 2406 428 2442 Christianae
443 2406 502 2441 fol.
519 2406 596 2442 559.
619 2406 751 2452 Regem
770 2406 901 2441 Galliae
918 2408 1119 2453 alloquitur:
1146 2408 1281 2441 Videbis
1296 2412 1332 2441 in
1349 2415 1487 2442 aeterna
1504 2413 1663 2443 societate

117 2465 227 2488 omnes
241 2459 386 2492 sanctos,
397 2455 485 2497 pios,
500 2455 679 2497 sapientes,
687 2456 816 2497 sortes,
832 2459 865 2486 et
878 2453 1027 2487 honestos
1043 2454 1205 2494 nornine&
1229 2455 1362 2494 Adam,
1388 2454 1523 2495 Enoch,
1547 2455 1661 2496 Noun,

117 2497 308 2539 Abraham,
324 2497 471 2538 Petrum,
484 2497 637 2538 Paulum,
650 2498 840 2539 Herculem,
859 2498 1026 2539 Theseum,
1038 2498 1221 2539 Socratem,
1235 2500 1432 2540 Aristidem,
1447 2500 1476 2531 A
1486 2503 1661 2543 ntiqonum,

117 2543 276 2584 Numam,
295 2542 482 2583 Camillum,
501 2543 642 2576 Catones
658 2550 691 2577 et
702 2543 885 2588 Scipl'lmeS.
909 2544 1002 2578 Haec
1018 2544 1106 2577 mira
1122 2548 1217 2585 sunt,
1241 2543 1325 2578 haec
1347 2555 1437 2578 nova
1459 2551 1553 2586 sunt,
1576 2545 1661 2580 haec

116 2590 206 2624 falsa
221 2593 314 2624 sunt.
353 2589 442 2622 Mira
457 2592 652 2633 stupemus,
668 2599 760 2622 nova
775 2599 952 2629 cavemus,
967 2589 1056 2623 falsa
1071 2589 1301 2634 repudiamus.
1340 2591 1525 2634 Angustia.
1542 2597 1662 2624 contra

116 2635 288 2670 lulianum
302 2633 528 2679 Pelagianum
543 2634 602 2667 lib.
617 2633 649 2667 3.
667 2644 706 2667 ca
733 2661 740 2668 .
756 2634 788 2669 3.
806 2634 865 2668 fol.
882 2634 957 2667 676.
982 2634 1100 2668 Petrus
1114 2634 1204 2679 apud
1218 2634 1429 2668 Clementem
1442 2636 1578 2674 (citante
1588 2635 1661 2670 Ori-

118 2691 207 2726 gene
221 2681 260 2714 in
272 2679 490 2714 matthaeum
506 2689 576 2724 cap.
591 2679 692 2713 XXV
714 2707 721 2714 .
738 2683 837 2714 tract.
854 2679 1004 2713 XXXV.
1018 2679 1078 2713 fol.
1099 2680 1189 2722 llO.)
1233 2680 1344 2725 Opera
1367 2681 1451 2713 bona
1475 2693 1559 2724 quae
1573 2683 1663 2725 fiunt

119 2731 162 2760 ab
183 2726 372 2771 infidelibus
393 2727 428 2757 in
451 2725 513 2758 hoc
537 2725 646 2757 seculo
670 2725 738 2757 illis
758 2731 911 2769 prosunt,
936 2737 999 2758 non
1024 2730 1056 2757 et
1077 2727 1109 2757 in
1135 2726 1191 2758 illo
1209 2726 1257 2758 ad
1280 2728 1539 2770 consequendam
1557 2730 1660 2759 vitam

119 2777 301 2806 aeternam.
326 2770 411 2804 Vide
426 2769 654 2804 Athanasium
669 2769 712 2803 ad
729 2768 935 2804 Antiochum
958 2773 1089 2814 quaest.
1107 2769 1143 2803 C.
1165 2770 1223 2804 fol.
1241 2770 1316 2804 303.
1333 2776 1415 2804 tom.
1434 2770 1464 2805 2.
1496 2773 1659 2816 Augusti-

118 2827 203 2852 num
216 2817 254 2851 in
267 2815 394 2850 Psalm.
409 2814 545 2850 XXXI.
564 2819 597 2849 et
613 2814 750 2849 LXVII.
790 2814 916 2849 Contra
940 2814 1110 2849 lulianum
1131 2814 1360 2861 Pelagianum
1383 2817 1440 2852 lib.
1458 2816 1515 2851 IV.
1534 2828 1606 2862 cap.
1626 2817 1657 2852 3.

119 2862 160 2896 de
175 2862 288 2908 gratia
304 2861 429 2896 Christi
452 2866 570 2894 contra
590 2860 770 2905 Pelagium
793 2865 826 2894 et
843 2859 1073 2894 Caelestinum
1094 2861 1152 2894 lib.
1165 2861 1191 2896 Ι.
1210 2872 1283 2907 cap.
1300 2862 1428 2897 XXVI.
1470 2861 1658 2908 Georgium

118 2907 350 2943 cassandrum
365 2908 402 2941 in
417 2907 597 2941 consultat.
615 2906 746 2940 articul.
764 2905 802 2939 V.
819 2917 852 2951 p.
865 2905 908 2940 38
925 2905 965 2940 de
983 2906 1142 2951 operibus
1158 2907 1350 2952 impiorum.

183 2952 336 2999 Excepto
351 2952 532 2997 martyrio,
549 2951 609 2985 ubi
624 2956 698 2985 tota
715 2951 876 2997 baptismi
891 2955 1105 2985 sacramenta
1122 2954 1350 2998 complentur]
1389 2952 1524 2994 Douma
1540 2953 1580 2987 de
1597 2954 1656 2988 ba·

117 2998 244 3044 ptismo
260 2999 439 3043 sanguinis
455 3002 554 3031 vetus
571 3002 634 3038 est,
651 2997 748 3030 cuius
765 2997 870 3031 etiam
885 2998 1042 3030 meminit
1058 2996 1214 3032 Clemens
1231 2998 1255 3033 C
1260 2993 1539 3044 onstitut.Apost.
1549 3000 1654 3035 fluv.

120 3053 193 3089 cap.
208 3043 250 3079 V.
271 3043 501 3079 Tertullianus
524 3042 565 3077 de
596 3043 765 3088 baptismo
790 3053 864 3088 cap.
880 3041 973 3078 XVI.
1005 3043 1039 3077 in
1069 3042 1253 3089 Scorpiaco
1284 3044 1446 3079 adversus
1473 3044 1654 3081 Gnosticos
