2052 3342
352 123 431 164 248
976 120 1273 146 PRAEDESTLNATI

354 229 542 268 universo
558 225 727 277 mundo,
744 225 811 265 dei
826 224 1100 265 substantiam
1117 223 1338 278 perhibent
1354 237 1444 266 esse
1462 225 1744 277 commixtam3
1766 237 1889 279 quam

355 294 516 348 purgari
538 297 685 346 putant
707 294 748 333 in
771 292 913 332 electis
935 294 1019 332 suis
1043 305 1089 333 00
1111 306 1260 343 genere
1284 294 1390 332 vitae
1408 304 1486 346 quo
1503 292 1647 334 vivunt
1664 292 1784 334 electi
1800 292 1887 334 Ma-

353 363 638 412 nichaeorum,
668 361 779 400 velut
807 362 992 401 sanctius
1015 365 1056 400 et
1077 360 1346 401 excellentius
1369 360 1622 402 auditoribus
1645 361 1743 402 suis.
1784 360 1889 402 Nam

352 432 415 472 his
439 430 596 470 duabus
619 429 960 482 professionibus,
983 429 1057 469 1100
1081 433 1143 469 est
1165 429 1388 469 electorum
1418 433 1458 469 et
1478 429 1725 483 auditorum,
1754 428 1888 470 eccle-

352 501 453 539 siam
477 511 592 538 suam
616 502 802 537 constare
826 497 1054 538 voluerunt.
1097 498 1143 538 In
1167 499 1314 538 ceteris
1337 501 1473 537 autem
1495 497 1744 551 hominibus,
1767 499 1892 538 etiam

353 569 392 608 in
417 566 515 619 ipsis
538 564 794 606 auditoribus
817 567 922 616 suis,
952 565 1056 606 hanc
1079 570 1239 619 partem
1268 565 1399 606 bonae
1423 565 1666 620 divinaeque
1696 566 1889 608 substan-

353 636 453 686 tiae,
483 634 610 688 2quae
633 635 763 674 mixta
785 639 825 673 et
847 633 1036 687 colligata
1058 634 1098 674 in
1122 635 1226 674 escis
1251 638 1291 674 et
1311 633 1476 686 potibus
1505 633 1732 687 detinetur,
1758 634 1889 676 maxi-

352 716 498 756 meque
528 704 569 743 in
599 703 657 741 eis
687 703 753 755 qui
777 706 977 754 generant
1006 702 1130 754 tilios,
1162 703 1313 742 arctius
1344 706 1384 742 et
1412 703 1665 756 inquinatius
1694 702 1891 756 conligari

354 775 510 825 putant.
564 770 767 823 Quicquid
798 783 890 810 vero
922 770 1102 823 undique
1132 774 1328 823 purgatur
1363 769 1552 823 luminis,
1586 782 1660 824 per
1693 770 1892 825 quasdam

353 853 477 880 naves
492 871 502 891 ,
533 852 634 892 quas
659 852 748 878 esse
772 838 911 879 lunam
935 842 975 878 et
997 838 1125 878 solem
1148 838 1308 890 volunt,
1338 852 1460 891 regno
1492 838 1558 879 dei
1579 842 1775 893 tanquam
1794 851 1890 892 pro-

354 908 452 961 priis
475 906 642 947 sedibus
667 906 794 946 reddi.
839 908 945 956 Quas
975 920 1102 947 naves
1131 906 1181 946 de
1203 907 1436 947 substantia
1457 906 1523 947 dei
1545 919 1647 960 pura
1672 907 1893 961 perhibent

352 975 594 1026 fabricatas,
637 974 854 1028 lucenique
893 977 1012 1015 istam
1049 987 1309 1028 corpoream,
1352 976 1623 1016 animantium
1656 974 1891 1017 mortalium

353 1044 480 1086 oculis
510 1043 789 1095 adiacentem,
820 1043 882 1083 dei
915 1043 1058 1084 dicunt
1087 1057 1176 1084 esse
1206 1047 1407 1083 naturam.
1451 1043 1638 1097 Quinque
1667 1045 1779 1085 enim
1808 1043 1890 1085 ele-

353 1116 504 1163 menta,
527 1125 629 1165 quac
653 1116 881 1160 genuerunt
904 1113 1112 1164 principos
1136 1111 1335 1164 proprios,
1357 1113 1468 1163 genti
1490 1111 1677 1152 tribuunt
1696 1112 1890 1154 tenebra-

353 1195 441 1222 ruin
464 1194 591 1234 eaque
615 1179 819 1220 elementa
842 1180 904 1220 liis
927 1181 1163 1221 nominibus
1186 1183 1448 1233 nuncupant,
1475 1180 1654 1234 sumum,
1681 1180 1891 1234 tenebras,

353 1253 488 1304 ignem
502 1282 512 1302 ,
535 1263 703 1302 aquam,
727 1254 906 1289 ventum.
944 1249 990 1289 ln
1013 1248 1121 1289 sumo
1144 1252 1242 1289 nata
1263 1248 1458 1289 animalia
1479 1248 1665 1302 bipedia,
1685 1248 1795 1290 unde
1816 1248 1890 1290 ho-

352 1320 485 1359 mines
508 1318 657 1358 ducere
680 1318 878 1367 originem
901 1322 1091 1366 censent3
1124 1319 1163 1357 in
1186 1316 1370 1357 tenebris
1393 1318 1599 1370 repentia,
1620 1319 1663 1358 in
1683 1317 1770 1371 igni
1791 1331 1890 1372 qua-

354 1386 573 1439 drupedia,
603 1387 642 1426 in
667 1387 783 1439 aquis
807 1385 1015 1438 natatilia,
1039 1385 1081 1426 in
1101 1390 1224 1426 vento
1249 1384 1442 1425 volatilia.
1500 1385 1576 1426 His
1598 1387 1778 1440 quinque
1806 1385 1889 1427 ele-

354 1455 503 1497 mentis
532 1454 652 1495 malis·
682 1453 938 1494 debellandis
968 1454 1047 1494 alia
1077 1453 1257 1507 quinque
1280 1453 1486 1494 elementa
1513 1452 1564 1494 de
1586 1467 1709 1507 regno
1732 1457 1773 1495 et
1793 1453 1890 1496 sub-

353 1526 506 1565 stantia
533 1523 599 1564 dei
627 1524 754 1563 missa
782 1536 872 1562 esse
902 1521 1067 1574 dicunt,
1104 1526 1144 1562 et
1179 1524 1220 1563 in
1252 1522 1323 1562 illa
1351 1534 1488 1575 pugna
1513 1521 1640 1563 fuisse
1674 1524 1893 1576 permixta,

353 1593 462 1634 sumo
485 1594 635 1644 aerem,
658 1590 839 1631 tenebris
864 1590 1011 1642 lucem,
1035 1592 1117 1643 igni
1134 1590 1240 1631 malo
1259 1592 1395 1643 ignem
1420 1590 1586 1644 bonum,
1614 1604 1744 1645 aquae
1760 1590 1892 1633 malae

353 1675 502 1715 aquam
525 1660 688 1711 bonam,
717 1664 840 1700 vento
862 1659 968 1700 malo
991 1664 1160 1700 ventum
1189 1659 1353 1700 bonum.
1395 1658 1530 1699 Naves
1557 1661 1695 1700 autem
1714 1658 1821 1712 illas,
1849 1659 1891 1701 id

355 1734 416 1771 051
438 1730 516 1770 duo
541 1728 642 1769 caeli
666 1728 896 1779 luminaria,
920 1730 977 1767 ita
998 1727 1271 1779 distinguunt,
1292 1731 1337 1768 ut
1359 1726 1501 1768 lunam
1518 1727 1658 1769 dicant
1673 1727 1826 1769 factam
1842 1741 1892 1768 ex

354 1800 461 1841 bona
482 1812 601 1851 aqua,
630 1796 758 1837 solem
792 1810 884 1837 vero
909 1810 957 1836 ex
980 1796 1084 1837 bono
1118 1798 1212 1849 igni.
1263 1796 1363 1837 Esse
1392 1799 1530 1836 autem
1557 1797 1601 1837 in
1632 1797 1691 1836 eis
1718 1796 1894 1838 navibus

354 1871 518 1908 sanctas
539 1867 728 1917 virtutes,
750 1878 853 1918 quae
877 1878 920 1905 se
943 1866 984 1905 in
1006 1864 1211 1905 masculos
1228 1864 1537 1918 transfigurant,
1557 1867 1604 1905 ut
1623 1863 1813 1906 inliciant
1832 1865 1892 1906 fe—

356 1937 487 1977 minas
516 1935 649 1987 gentis
682 1933 902 1985 adversae,
932 1938 972 1973 et
999 1945 1073 1986 per
1101 1932 1207 1974 hanc
1236 1932 1491 1974 inlecebram
1520 1937 1726 1974 commota
1754 1947 1895 1975 eorum

356 2003 690 2056 concupiscentia
710 2002 838 2053 fugiat
860 2001 908 2041 de
931 2001 1011 2041 illis
1034 2001 1174 2042 lumen
1195 2001 1303 2055 quod
1323 2001 1521 2042 membris
1543 2001 1622 2042 fuis
1643 2003 1895 2055 permixtum

354 2073 567 2123 tenebant,
590 2074 630 2110 et
650 2069 908 2123 purgandum
930 2070 1180 2123 suscipiatur
1202 2069 1252 2110 ab
1275 2069 1433 2123 angelis
1454 2069 1573 2123 lucis,
1593 2073 1894 2125 purgatumque

356 2143 397 2182 in
424 2140 506 2181 illis
536 2138 710 2180 navibus
738 2139 973 2191 imponatur
1009 2137 1060 2178 ad
1089 2151 1216 2191 regna
1248 2139 1415 2191 propria
1445 2138 1752 2192 reportandum.
1809 2139 1896 2189 Qua

356 2210 571 2251 occasione
601 2210 800 2260 coguntur
834 2205 955 2247 electi
986 2220 1126 2247 eorum
1158 2205 1270 2247 velut
1302 2205 1594 2247 eucharistiam
1630 2219 1896 2260 conspersam

358 2292 450 2320 cum
478 2277 634 2318 semine
664 2274 841 2315 humano
872 2288 1054 2326 sumere,
1081 2278 1127 2315 ut
1155 2276 1280 2315 etiam
1307 2274 1425 2328 inde,
1455 2276 1563 2316 sicut
1590 2274 1640 2315 de
1669 2274 1761 2316 aliis
1791 2275 1894 2317 cibis

357 2360 458 2401 quos
487 2345 715 2397 accipiunt,
744 2343 976 2384 substantia
1002 2342 1073 2383 illa
1094 2342 1233 2384 divina
1260 2347 1468 2397 purgetur.
1517 2342 1599 2384 Sed
1619 2342 1696 2384 hoc
1726 2357 1769 2384 se
1797 2343 1895 2385 dum

357 2416 492 2456 facere
513 2416 679 2466 negant,
703 2411 856 2452 detecti
877 2415 984 2451 sunt.
1036 2410 1141 2452 Nam
1164 2415 1204 2451 et
1225 2411 1334 2465 apud
1357 2411 1576 2452 ecclesiam
1597 2411 1892 2465 Carthaginen-

358 2484 526 2524 semita
546 2484 643 2522 sunt
662 2479 929 2521 manifestati.
988 2478 1176 2533 Denique
1205 2481 1248 2520 in
1278 2483 1482 2521 conventu
1511 2480 1798 2533 episcoporum
1825 2494 1892 2521 co-

358 2566 447 2592 ram
467 2551 578 2592 omni
600 2548 747 2603 populo
772 2547 959 2589 confessa
981 2550 1043 2587 est
1065 2547 1213 2600 puella,
1234 2547 1419 2590 nondum
1439 2561 1642 2589 annorum
1663 2547 1894 2601 duodecim,

358 2622 483 2661 istam
502 2618 703 2659 nefariam
723 2615 1035 2670 turpitudinem,
1058 2618 1098 2655 et
1118 2615 1272 2657 3multa
1287 2615 1480 2670 prodidit,
1502 2617 1683 2670 seipsam
1698 2615 1893 2657 adserens

359 2689 409 2730 ob
430 2688 507 2729 1100
534 2685 782 2728 4scelestum
810 2687 1115 2725 sacramentum
1142 2697 1282 2726 eorum
1308 2686 1393 2726 vim
1414 2697 1504 2726 esse
1525 2696 1778 2738 perpessam.
1819 2683 1894 2724 Cui

361 2771 454 2798 cum
473 2756 604 2810 primo
626 2768 709 2795 non
731 2753 966 2794 crederetur
992 2753 1063 2793 uni
1084 2752 1246 2805 puellae
1269 2756 1310 2794 et
1330 2752 1419 2806 soli,
1446 2752 1644 2806 plurimas
1665 2751 1894 2792 nominavit

358 2825 479 2867 huius
500 2814 693 2865 facinoris
717 2822 920 2874 conscias,
942 2834 1042 2875 quas
1065 2819 1208 2862 solatio
1230 2820 1326 2863 Ursi
1346 2821 1516 2874 tribuni,
1545 2821 1615 2875 qui
1633 2823 1731 2860 tuno
1754 2818 1892 2860 domui

427 2925 456 2959 2.
475 2934 562 2969 quae
578 2923 729 2957 maxime
746 2921 909 2966 colligata
924 2921 997 2955 MS.
1013 2921 1102 2965 Auq.
1177 2921 1209 2955 3.
1226 2922 1285 2956 Ita
1302 2923 1353 2956 ed.
1374 2922 1535 2956 Galland.
1552 2920 1602 2953 At
1613 2918 1807 2953 Sir-mondus
1823 2920 1891 2953 edi-

364 2972 460 3003 derat
474 2970 608 3004 multas.
667 2968 697 3002 4.
715 2967 857 3002 scelesto
876 2969 1089 3001 sacramento
1106 2965 1178 3001 MS.
1198 2967 1285 3011 Auq,
