2084 3374
828 215 1052 242 mrano.
1651 229 1695 257 lx

152 326 272 364 vatur
289 323 335 362 in
352 320 610 361 Bibliotheca
630 320 840 376 Imperiali
860 318 1190 375 Petropolitana,
1218 321 1326 360 inter
1345 318 1426 360 alia
1447 317 1692 372 sangerma—

151 402 293 443 nensis
314 399 498 442 thesauri
517 399 700 451 cimelia⁷
725 399 802 440 sub
831 400 958 441 finem
988 401 1166 454 proximi
1187 398 1316 440 seculi
1336 412 1409 454 per
1431 397 1574 439 civiles
1596 397 1692 439 Gal-

150 480 231 522 liae
247 479 391 521 turbas
407 479 506 521 illuc
524 478 708 520 devecta.
740 466 787 519 V.
805 479 877 521 Ed.
900 479 951 520 de
972 478 1122 520 Muralt
1142 479 1190 520 V.
1209 478 1267 520 [Ἰ.
1291 479 1334 519 in
1348 478 1506 520 Extrait
1527 477 1576 518 de
1592 477 1692 518 Bul-

150 560 253 602 letin
273 560 323 602 de
339 559 382 601 la
391 559 533 601 Classe
544 558 1051 613 Historico·philologique
1070 558 1120 599 de
1138 556 1390 600 l‘Academie
1408 558 1480 600 des
1498 557 1692 599 Sciences

151 640 202 682 de
217 622 492 693 Pete-rsbourg
510 643 609 680 tom.
627 639 675 679 V.
697 638 915 693 (Petropol.
930 637 1067 692 1850.)
1097 638 1316 679 Praeterea
1330 638 1380 679 dc
1392 638 1496 680 libro
1513 637 1692 692 Sanger-

149 721 360 774 manensi,
380 721 418 761 si
436 719 572 771 lubet,
593 718 718 760 adeas
740 717 930 760 Galeardi
953 718 1078 772 praef.
1100 717 1230 769 xm„
1253 732 1290 772 p.
1313 718 1418 771 XX„
1439 723 1479 759 et
1501 720 1692 773 inprimis

149 799 251 854 XX,
269 813 361 856 pag.
382 799 525 841 XXVI.
547 812 639 854 sqq.

234 880 366 922 Tertii
390 879 566 921 alicuius
593 878 772 934 exempli
792 892 918 919 manu
940 879 1098 919 exarati
1118 877 1190 932 qui
1209 877 1405 919 Philastri
1427 877 1477 918 de
1501 878 1693 919 Haeresi-

149 960 228 1002 bus
254 959 441 1001 libellum
477 960 708 1001 contineret
741 963 836 1014 post
863 957 1182 1000 Sicharclianum
1209 962 1250 998 et
1278 957 1693 1012 Sangermanensem,

149 1039 272 1082 hodie
289 1038 667 1095 Petropolitanum,
687 1038 737 1080 de
759 1052 839 1093 quo
861 1037 969 1090 dixi,
989 1039 1137 1079 notitia
1157 1036 1211 1078 ad
1230 1051 1296 1078 me
1318 1037 1485 1092 quidem
1506 1040 1692 1092 pervenit

149 1119 276 1161 nulla.
325 1119 410 1161 Sed
427 1122 644 1175 praeterea
663 1119 931 1160 membranae
953 1118 1169 1159 cuiusdam
1196 1119 1347 1158 veteris
1374 1123 1539 1158 assutae
1561 1117 1694 1158 codici

148 1199 430 1242 Bibliothecae
442 1198 484 1240 S.
497 1199 641 1241 Crucis
662 1200 707 1240 in
726 1198 967 1250 Ierusalem,
988 1199 1149 1252 signato
1170 1212 1210 1239 n.
1224 1198 1335 1250 279„
1355 1199 1610 1239 mentionem
1632 1198 1691 1238 fe-

150 1280 207 1322 cit
221 1279 400 1334 indeque
416 1280 642 1334 scripturas
659 1278 814 1333 aliquot
832 1282 969 1319 emtas
986 1280 1198 1333 proposuit
1217 1277 1443 1319 Galeardus
1461 1277 1485 1319 l.
1499 1277 1525 1318 l.
1544 1292 1581 1332 p.
1600 1278 1689 1318 182.

230 1361 283 1403 Π.
309 1360 568 1413 Augustini
581 1359 734 1400 librum
745 1358 794 1400 de
806 1358 1060 1400 Haeresibus
1081 1357 1133 1399 ad
1146 1357 1478 1408 Quodvultdeum
1490 1357 1690 1399 recuden-

149 1440 250 1482 dum
270 1439 410 1482 curavi
430 1454 483 1481 ex
497 1440 738 1480 recensione
755 1438 1122 1480 Benedictinorum
1137 1437 1472 1492 Congregationis
1490 1438 1530 1479 S.
1550 1438 1694 1491 Mauri,

149 1520 302 1562 additis
323 1520 527 1562 editorum
547 1518 908 1560 adnotatiunculis.

230 1603 306 1642 ΙΙΙ.
336 1599 546 1654 Anonymi
566 1600 780 1654 scriptoris
809 1612 932 1653 quem
959 1598 1035 1640 sub
1062 1599 1428 1640 Praedestinati
1453 1600 1620 1640 nomine
1642 1614 1691 1641 ex

148 1680 291 1723 codice
317 1681 470 1736 scripto
498 1679 714 1721 Hincmari
750 1677 1031 1720 Bibliothecae
1062 1677 1102 1720 S.
1131 1678 1284 1720 Mariae
1313 1678 1531 1720 Remensis
1562 1679 1690 1721 edidit

147 1761 229 1803 Iac.
252 1759 497 1802 Sirmondus
517 1760 689 1801 Parisiis
711 1772 819 1800 anno
840 1758 1110 1811 ‹ime-XLIII„
1130 1761 1312 1814 primum
1331 1758 1502 1812 librum,
1523 1773 1603 1814 quo
1623 1760 1692 1802 XC

149 1844 447 1883 enumerantur
458 1839 666 1892 haereses,
687 1852 892 1894 quemque
909 1838 975 1880 hic
991 1852 1123 1880 unum
1138 1838 1190 1881 de
1205 1840 1341 1881 tribus
1356 1845 1691 1896 repraesentasse

146 1922 367 1974 intererat,
393 1919 548 1974 aliquot
573 1919 675 1961 locis
702 1919 921 1961 emendare
942 1919 1058 1961 licuit
1086 1933 1161 1975 ope
1183 1920 1336 1961 codicis
1357 1934 1434 1961 ms.
1457 1921 1694 1975 Augiensis,

147 2002 193 2043 in
212 2015 336 2056 quem
353 2001 412 2042 Io.
427 1999 626 2042 Mabillon
646 2001 690 2040 in
710 2001 857 2040 itinere
873 2013 946 2041 suo
964 2001 1208 2042 Germanico
1227 2000 1428 2042 inciderat
1445 2003 1692 2057 scripturas-

149 2095 230 2136 que
257 2080 542 2136 discrepantes
569 2079 666 2121 inde
695 2084 969 2135 excerpserat.
1000 2080 1048 2121 V.
1077 2084 1134 2122 Io.
1162 2080 1361 2122 Mabillon
1388 2081 1472 2122 Iter
1499 2082 1691 2123 German.

148 2175 240 2218 pag.
261 2161 315 2202 93
336 2160 401 2202 ed.
420 2160 580 2202 Fabric.
610 2161 712 2201 Eius
734 2159 911 2215 exempli
931 2160 1224 2216 antigraphum
1242 2162 1333 2217 ipse
1354 2161 1598 2204 Sirmondus
1618 2177 1691 2218 po-

149 2246 241 2283 stea
257 2242 420 2282 invenit
444 2242 488 2282 in
515 2239 774 2282 Bibliotheca
800 2239 1047 2294 Barberina,
1073 2242 1116 2282 in
1144 2254 1223 2296 quo
1249 2242 1471 2294 Primasio,
1498 2244 1692 2298 episcopo

147 2321 372 2374 Africano,
395 2321 472 2362 hoc
500 2319 748 2376 opusculum
773 2319 985 2374 legebatur
1011 2320 1278 2377 adscriptum.
1310 2322 1358 2362 V.
1378 2322 1460 2363 Iac.
1482 2321 1692 2364 Sirmondi

147 2401 256 2443 Hist.
276 2400 575 2443 Praedestinat.
592 2414 687 2463 cap.
708 2400 746 2440 4.
778 2399 918 2442 Baune
944 2401 1072 2457 praef.
1101 2401 1155 2443 ad
1182 2407 1280 2443 tom.
1301 2402 1331 2444 I.
1355 2400 1458 2457 opp.
1480 2401 1692 2444 sirmondi

149 2480 226 2536 §2
247 2481 446 2532 Quartum
466 2479 716 2536 exemplum,
735 2480 873 2522 seculo
893 2480 982 2523 XII.
1003 2484 1218 2537 scriptum,
1239 2486 1280 2523 et
1296 2481 1414 2524 titulo
1432 2496 1591 2535 carens,
1612 2482 1688 2524 hu·

148 2562 214 2603 ius
232 2560 329 2602 libri
353 2560 467 2602 idem
485 2560 685 2603 Mabillon
712 2561 870 2602 invenit
889 2561 1121 2603 florentiae
1149 2563 1192 2603 in
1210 2561 1470 2603 Bibliotheca
1491 2562 1533 2603 S.
1548 2562 1687 2604 Marci.

148 2641 198 2682 V.
219 2640 308 2682 eius
326 2640 411 2682 Iter
428 2640 521 2682 Ital.
543 2655 583 2696 p.
603 2639 709 2692 178„
729 2643 827 2682 tom.
849 2641 878 2682 Ι.
899 2641 1032 2683 Musei
1053 2641 1198 2683 Italici.
1229 2643 1406 2692 Quintus
1427 2642 1555 2684 codex
1576 2648 1687 2683 extat

149 2721 195 2762 in
207 2719 467 2763 Bibliotheca
480 2719 652 2762 Publica
668 2719 880 2773 Brugensi.
910 2721 984 2763 Est
999 2720 1144 2774 seculi,
1164 2723 1224 2763 uti
1240 2722 1416 2775 videtur,
1437 2722 1587 2763 decimi
1603 2726 1686 2762 ter-

147 2860 287 2896 Patrum
304 2860 578 2906 Apostolicorum
594 2868 686 2895 tomo
705 2860 729 2895 1.
748 2871 827 2906 pag.
848 2861 897 2896 12.
914 2861 966 2896 ed.
983 2861 1088 2904 Cler„
1112 2862 1172 2896 ubi
1187 2862 1402 2898 Corbeiensis
1425 2862 1548 2897 codicis
1567 2863 1685 2896 memi-

149 2923 211 2958 nit.
233 2923 288 2958 Ex
302 2923 356 2957 his
373 2924 533 2958 omnibus
551 2930 665 2957 autem
683 2923 715 2957 id
733 2934 868 2968 quoque
884 2930 1044 2970 apparet,
1061 2930 1211 2959 veterem
1227 2926 1424 2971 catalogum
1441 2926 1537 2959 illum
1554 2936 1573 2958 a
1590 2924 1684 2958 Maio

150 2985 281 3020 editum
295 2996 371 3020 esse
387 2985 612 3020 bibliothecae
629 2997 713 3026 non,
736 2990 774 3019 ut
791 2991 904 3031 putat,
929 2986 1092 3022 corbeiae
1109 2987 1145 3021 in
1162 2987 1362 3030 Germania,
1385 2988 1445 3022 sed
1461 2987 1624 3022 corbeiae
1649 2987 1684 3021 in

154 3047 265 3082 Gallia
279 3048 376 3082 sitae.
402 3047 452 3082 Cf.
470 3049 573 3082 etiam
589 3048 777 3094 Epistolam
794 3048 884 3094 Scip.
900 3049 1019 3084 Maflei
1035 3060 1088 3095 ap.
1107 3049 1265 3085 Galeard.
