2052 3374
679 252 728 277 DE
747 249 980 277 HAERESEBUS
998 248 1120 275 LIBER.

1613 245 1666 288 43

127 362 310 401 vatorem
329 361 517 399 nostrum
536 357 748 398 hominem
769 356 819 398 dc
841 355 989 410 Ioseph
1010 357 1179 395 natumc
1209 350 1427 394 carnaliter
1447 348 1666 392 ²aestima-

128 428 211 480 bat,
230 425 415 480 nihilque
435 427 479 466 in
501 439 547 468 eo
571 425 800 467 divinitatis
822 424 948 465 fuisse
971 422 1157 474 docebat,
1179 421 1252 462 sed
1273 422 1380 462 sicut
1401 432 1542 462 omnes
1570 432 1665 474 pro-

126 495 272 551 phetas
281 494 313 548 d,
333 495 393 536 sic
415 498 456 535 et
476 508 569 535 eum
590 495 764 548 gratiam
785 492 851 533 dei
867 491 1060 533 habuisse
1077 490 1307 542 adserebat,
1328 502 1410 530 non
1430 492 1570 528 tamen
1593 486 1666 528 do-

126 565 286 606 minum
305 564 534 604 maiestatis
557 567 598 603 et
619 562 683 604 dei
705 562 837 617 patris
856 559 987 600 filium
1010 573 1104 600 cum
1123 563 1239 614 patre
1257 559 1555 612 sempiternum
1577 569 1667 597 esse

128 631 341 684 credebat,
379 645 472 673 cum
510 631 672 672 divinae
709 630 960 684 3scripturae
995 628 1206 669 dominum
1243 628 1540 681 sempiternum
1575 638 1670 666 cum

127 703 242 758 patre
262 706 384 741 veroe
403 699 556 754 4aeque
579 700 828 754 sempiterno
850 697 1002 751 ubique
1023 696 1251 737 ⁵testentur
1272 710 1318 736 ac
1340 694 1591 750 praedicent.

209 769 309 810 Post
327 770 483 810 istuma
502 767 748 809 Valentinus
770 765 939 821 quidam
959 765 1157 817 surrexit,
1184 763 1508 818 Pythagoricusb
1537 765 1668 817 magis

127 851 251 892 quam
267 837 538 890 Christianus,
560 837 731 877 lvanam
747 833 954 889 quandam
975 847 1021 874 ac
1038 834 1313 888 perniciosam
1331 832 1559 873 doctrinam
1576 845 1668 873 eru—

128 910 267 960 ctans,
295 909 336 947 et
354 905 468 947 velut
498 905 820 956 arithmeticam,
848 903 891 944 id
912 906 975 944 est
994 902 1327 954 numerositatis,
1354 899 1527 942 ²novam
1550 900 1668 941 falla-

129 976 258 1016 ciamc
286 974 550 1030 praedicans,
585 973 887 1026 multorumque
923 973 1082 1012 animas
1122 970 1402 1024 ignorantium
1431 970 1666 1024 captivavit.

218 1087 248 1120 2.
267 1087 488 1120 existimabat
505 1087 533 1120 b.
581 1086 613 1120 3.
630 1086 817 1132 sapientiae
836 1086 865 1118 b.

918 1084 949 1117 4.
967 1094 1006 1117 ac
1025 1084 1069 1116 A.

1123 1083 1154 1116 5.
1172 1085 1341 1116 testantur
1357 1082 1396 1115 A.

218 1131 299 1177 Cap.
315 1132 510 1167 XXXVIII.
536 1135 568 1165 in
589 1132 694 1166 Babc.
711 1134 906 1176 inscriptum
927 1136 975 1163 est
994 1129 1227 1163 Vimmmvs.
1246 1148 1288 1152 —
1324 1128 1351 1161 1.
1374 1126 1464 1162 Nam
1482 1127 1526 1160 A.
1559 1126 1588 1160 ⁴2.
1612 1138 1670 1161 no-

126 1178 237 1213 titiam
253 1179 298 1212 A.

127 1269 229 1304 mude
241 1269 316 1304 fieri
327 1270 537 1304 mentionem
550 1270 680 1304 notavit
692 1269 738 1303 10.
748 1268 864 1314 Light-

129 1316 244 1351 footus
260 1316 357 1350 Tom.
375 1315 406 1349 2.
424 1315 509 1360 Opp.
526 1327 559 1360 p.
580 1315 652 1349 148.
693 1315 768 1356 (F.)

176 1362 208 1395 b.
232 1362 268 1395 in
299 1361 415 1395 multis
443 1361 475 1395 ei
505 1361 681 1406 similiter]
721 1360 799 1394 Non
830 1361 865 1393 in

131 1407 300 1442 omnibus.
330 1407 449 1451 Neque
470 1407 637 1440 assentior
653 1407 733 1440 viris
756 1406 866 1439 erudi-

131 1454 191 1495 tis,
216 1453 275 1498 qui
291 1453 383 1498 apud
397 1452 576 1486 Irenaeum
597 1453 655 1486 lib.
676 1453 703 1485 1.
722 1463 793 1497 cap.
813 1451 864 1485 213.

132 1499 174 1532 de
189 1498 372 1532 Ebionaeis
395 1499 530 1542 legunt:
558 1524 572 1537 ,7
585 1498 641 1531 Ea
659 1504 765 1530 (tutem
783 1510 867 1541 {sinze

132 1550 209 1577 sunt
222 1556 305 1588 crya
322 1545 483 1577 dominum
493 1569 502 1584 ,
528 1545 743 1576 consimiliter
759 1549 795 1575 ut
810 1542 867 1576 Ce-

131 1589 264 1622 rintkus
275 1596 308 1622 et
316 1589 542 1634 Carpocrates
553 1589 763 1633 opinantur.'’
779 1588 868 1621 Nam

131 1635 318 1679 legendum
349 1647 412 1668 non
438 1636 592 1667 similiter
619 1637 763 1667 testatur
790 1634 867 1678 Epi-

132 1681 280 1726 phanius
296 1681 412 1714 XXX.
436 1680 484 1713 14.
515 1679 600 1713 Cum
617 1681 709 1713 enim
725 1679 867 1713 dixisset

133 1725 331 1760 Cerinthum
355 1731 389 1759 et
412 1725 651 1770 Carpocratem
676 1737 719 1758 ex
743 1735 867 1768 genea-

132 1773 226 1816 logia
234 1770 359 1805 Christi
377 1772 413 1805 in
427 1771 605 1815 evangelio
614 1768 778 1804 Matthaei
792 1782 867 1815 pro-

132 1818 214 1851 bare
241 1821 398 1859 conatos,
427 1816 600 1850 Christum
628 1827 645 1849 e
674 1815 807 1861 losephi
836 1820 867 1849 et

132 1864 262 1897 Mariae
279 1863 409 1896 semine
433 1873 508 1896 esse
528 1867 760 1909 procreatum,
785 1873 867 1894 mox

133 1909 174 1943 de
189 1906 357 1942 Ebionjtis
375 1908 569 1942 subiunxit:
598 1910 707 1949 »οὑτοι
731 1906 766 1939 δὲ
784 1904 868 1939 ἄλλα

133 1953 202 1988 τινὰ
222 1954 460 1995 διανοοῦνται,”
476 1955 530 1986 illi
545 1955 680 1986 ‹livet-sa
705 1955 869 1996 quaedam

132 2006 289 2034 statuunt.
320 1999 451 2033 Deinde
475 1999 572 2032 docet
594 2004 792 2043 amputasse
809 2009 867 2031 eos

133 2045 390 2091 genealogiam,
412 2044 593 2089 Iesumque
616 2056 676 2089 pro
699 2055 792 2077 mero
810 2044 868 2077 ha-

132 2092 249 2126 buisse
265 2091 419 2132 homine,
443 2090 616 2124 Christum
639 2101 716 2123 vero
735 2090 791 2134 qui
815 2100 868 2123 co-

132 2137 270 2171 lumbae
295 2137 407 2182 specie
430 2137 466 2170 in
489 2147 567 2169 eum
591 2135 733 2180 illapsus
757 2136 870 2176 fuerit,

133 2183 374 2226 hominemque
391 2193 429 2216 se
444 2181 637 2226 negaverit,
657 2181 792 2225 quando
811 2191 868 2213 ex-

132 2233 232 2262 tensa
254 2229 290 2262 in
314 2227 499 2273 discipulos
528 2238 608 2260 suos
632 2237 736 2260 manu
765 2226 868 2259 dixit:

134 2273 225 2307 Ecce
241 2279 349 2307 mater
360 2286 451 2306 meae
469 2276 637 2317 etsi-atres
652 2274 722 2305 mei.
748 2271 867 2305 Matth.

178 2376 206 2399 c.
231 2364 272 2398 de
289 2322 412 2409 Iosegh
428 2363 561 2407 natum]
590 2361 668 2400 ,Ἐκ
685 2362 867 2407 σπέρματος

135 2409 267 2455 ἀνδρός,
292 2409 437 2443 τουτέστι
460 2408 608 2452 Ἰοηήφ”
646 2408 754 2441 Ebion
779 2408 867 2441 a)ud

133 2455 363 2501 Epiphanium
374 2455 491 2489 XXX.
505 2454 536 2488 3.
559 2454 724 2487 Eusebius
738 2453 778 2486 de
791 2453 868 2486 labi·

134 2501 251 2535 onaeis
268 2501 324 2535 III.
342 2492 502 2534 27.’Hist.
524 2528 537 2541 „
549 2499 636 2532 λιτὸν
655 2498 710 2550 μὲν
734 2498 794 2543 γὰρ
813 2498 869 2531 αὖ-

134 2546 190 2579 τὀν
215 2546 268 2579 καὶ
291 2546 396 2579 κοινὸν
426 2545 567 2590 ἡγοῦντο
592 2556 673 2577 κατα
702 2543 868 2588 προκοπὴν

134 2591 230 2635 ἤθους
247 2590 344 2624 αὐτὸν
362 2592 461 2636 μόνον
479 2589 647 2635 ἄνθρωπον
665 2590 870 2634 δεδικαιωμέ-

134 2649 200 2681 νον7
217 2635 249 2676 ἐξ
261 2635 375 2682 ἀνδρός
388 2648 422 2670 τε
434 2636 599 2674 κοινωνίας
614 2635 665 2667 καὶ
678 2637 732 2677 τῆς
747 2634 870 2679 Μαρίας

135 2682 377 2728 γεγενημένον.”
409 2682 543 2716 Similia
573 2680 804 2715 Theodoretus
837 2685 869 2714 et

135 2729 202 2762 alii.
235 2728 311 2770 (F.)

179 2773 210 2807 d.
236 2775 324 2808 sicut
351 2784 468 2807 omnes
496 2771 699 2818 prophetas]
742 2771 777 2804 In
806 2771 869 2805 hoc

134 2823 251 2854 tamen
274 2818 444 2852 Christum
471 2823 643 2863 praestare
666 2817 870 2861 profiteban-

135 2866 205 2906 tur,
223 2864 314 2909 quod
329 2865 453 2898 caeteri
474 2863 659 2916 prophetae
676 2867 809 2895 tantum
826 2873 868 2895 ex

135 2909 274 2954 ingenio
311 2921 373 2947 suo
405 2914 439 2943 et
476 2910 647 2943 intellectu
685 2908 869 2952 sapuerint,

137 2953 290 2989 Christus
327 2966 426 2988 verus
464 2954 629 2999 propheta
661 2953 770 2985 suerit.
818 2953 870 2986 Ita

137 3000 229 3033 enim
250 3003 333 3045 puto
358 3000 591 3045 accipiendum
616 2998 705 3043 quod
730 2998 777 3031 ait
794 2997 869 3042 Epi-

137 3043 283 3122 phanius
305 3045 422 3080 XXX.
450 3045 499 3078 13.
528 3044 619 3087 »τοὺς
646 3042 679 3076 δὲ
704 3043 869 3088 προφήτας

161 3089 269 3135 ε’γουσι
284 3090 438 3129 συνέσεως
459 3085 535 3124 εἶναι
552 3089 717 3135 προφήτας
742 3077 794 3121 mh
811 3087 870 3122 οὐκ

935 1266 1135 1309 ἀληθείας-
1151 1265 1206 1298 {ov
1230 1264 1264 1298 δὲ
1281 1264 1417 1310 Χριστὸν
1435 1264 1602 1309 προφήτην
1621 1263 1672 1296 λε’-

935 1325 1028 1357 γουσι
1044 1314 1099 1355 τῆς
1116 1310 1296 1354 ἀληθείας.”
1323 1311 1410 1344 Hinc
1426 1309 1621 1344 Methodius
1638 1310 1673 1343 in

936 1358 1098 1392 Convivio
1116 1358 1299 1401 Virginum
1321 1367 1400 1402 pag.
1423 1355 1494 1389 113.
1514 1355 1555 1389 de
1572 1355 1673 1389 Ebio-

934 1404 1046 1437 naeis:
1075 1401 1132 1444 „2³5
1149 1401 1229 1441 ἰδίας
1247 1402 1397 1444 κινήσεως
1415 1401 1488 1440 τοὺς
1506 1401 1673 1446 προερήτας

935 1449 1146 1491 λελαληκέναι
1165 1447 1445 1493 φιλονεικοῦντες.”
1485 1447 1560 1488 (F.)

980 1507 1008 1529 e.
1034 1506 1113 1528 cum
1136 1499 1231 1539 patre
1253 1493 1346 1538 vero]
1372 1493 1425 1526 Ita
1444 1497 1481 1526 ut
1498 1503 1598 1526 verus
1615 1503 1673 1537 pa-

937 1545 988 1574 ter
1010 1540 1135 1574 Christi
1159 1540 1242 1573 deus
1265 1539 1325 1580 sit,
1351 1549 1390 1572 ac
1413 1538 1568 1572 Christus
1596 1549 1673 1582 pro-

936 1587 1031 1631 prius
1056 1586 1254 1628 unigenitus
1279 1585 1332 1618 dei
1356 1584 1447 1617 filius
1470 1584 1567 1617 Rom.
1586 1583 1672 1616 VIII.

937 1632 989 1666 32.
1014 1632 1103 1665 Psal.
1121 1631 1161 1677 H.-
1181 1631 1210 1664 7.
1235 1630 1356 1664 Matth.
1374 1629 1430 1662 III.
1452 1629 1501 1662 17.
1519 1628 1626 1662 XVII.
1642 1629 1672 1662 5.

936 1677 1006 1711 Ioh.
1031 1677 1054 1711 Ι.
1084 1677 1132 1710 14.
1162 1675 1210 1709 18.
1244 1676 1299 1709 III.
1328 1674 1448 1709 16.18.
1481 1674 1624 1709 Hebr.I.
1643 1674 1673 1707 S.

937 1723 1077 1765 (Fahr.)

983 1768 1063 1814 Cap.
1092 1766 1287 1802 XXXVIII.
1314 1787 1356 1791 —
1389 1777 1418 1800 a.
1443 1765 1525 1799 Post
1555 1765 1672 1810 istum]

936 1815 1183 1859 Episcoporum
1193 1813 1428 1847 Romanorum
1441 1816 1593 1856 tempore
1606 1812 1674 1855 Hy-

937 1861 1026 1902 gini,
1049 1859 1116 1900 Pii,
1138 1859 1280 1893 Aniceti.
1311 1858 1469 1902 Hyginus
1491 1857 1557 1890 fuit
1580 1857 1622 1890 ab
1644 1868 1673 1890 a.

938 1905 973 1939 C.
995 1905 1067 1939 138.
1092 1902 1172 1938 Piiis
1189 1906 1231 1938 ab
1249 1915 1279 1938 a.
1300 1903 1372 1937 150.
1403 1903 1565 1936 Anicetus
1584 1903 1626 1936 ab
1644 1913 1674 1936 a.

941 1951 1012 1985 153.
1038 1951 1080 1984 ad
1107 1950 1179 1984 162.
1217 1950 1293 1984 Vidi
1319 1959 1408 1994 quae
1432 1949 1495 1982 viri
1519 1948 1609 1982 docti
1633 1948 1675 1981 ad

937 1997 1115 2030 Irenaeum
1131 1996 1187 2029 HI.
1205 1996 1236 2029 4.
1270 1995 1345 2036 (F.)

982 2043 1013 2076 b.
1038 2041 1307 2086 Pythagoricus]
1337 2040 1431 2074 Idem
1455 2040 1490 2074 S.
1515 2040 1674 2074 Irenaeus

939 2088 980 2121 de
1008 2087 1255 2122 Valentinianis
1283 2086 1323 2120 Π.
1356 2086 1407 2120 19.
1439 2088 1545 2130 „quod
1568 2092 1676 2119 autem

938 2135 1041 2167 velint
1053 2136 1089 2166 in
1109 2145 1258 2166 numeros
1278 2135 1465 2176 transferre
1488 2135 1675 2165 universum

939 2179 1018 2220 hoc,
1048 2192 1070 2212 α
1097 2179 1337 2222 Pytltaqorz'cis
1366 2184 1576 2222 acceperunt,
1600 2181 1674 2222 pri-

941 2237 1022 2257 mum
1047 2227 1131 2257 enim
1156 2224 1192 2257 ln·
1214 2226 1346 2257 initium
1370 2226 1510 2256 vinnium
1527 2235 1676 2256 numeros

938 2271 1188 2310 substituerunt,
1207 2276 1238 2302 et
1251 2272 1382 2302 initium
1399 2272 1546 2314 ipsorum
1557 2281 1675 2313 parem

940 2323 971 2349 et
985 2319 1166 2360 imparem,
1192 2327 1231 2348 ez·
1247 2316 1362 2359 quibus
1383 2321 1414 2347 et
1437 2326 1477 2348 ea
1503 2327 1586 2358 quae
1604 2326 1674 2346 scn-

937 2362 1052 2395 st'bile'a
1077 2367 1109 2394 et
1133 2363 1307 2394 insensata
1335 2367 1413 2393 sunt
1437 2361 1675 2393 subiecerunt*

937 2407 986 2441 De
1009 2406 1072 2441 hoc
1095 2406 1401 2451 Pythagoricorum
1422 2405 1583 2450 dogmate
1600 2405 1675 2439 vide

937 2453 966 2486 si
982 2453 1094 2497 placet
1102 2450 1326 2485 Iamblichum
1336 2452 1371 2484 in
1385 2450 1674 2495 Theologumenis

937 2497 1196 2538 Arsthmeticae,
1214 2502 1247 2531 et
1264 2497 1450 2530 Denarium
1474 2496 1675 2541 Pythagori-

939 2555 1017 2577 cum
1047 2543 1210 2577 Iohannis
1241 2543 1399 2576 Meursii:
1433 2546 1467 2575 et
1498 2543 1674 2587 speciatim

939 2589 1029 2634 quod
1052 2589 1094 2622 ad
1110 2589 1431 2622 Valentinianorum
1447 2588 1583 2621 aemula
1605 2588 1674 2631 pla-

939 2635 1005 2668 cita
1026 2635 1163 2675 attinet,
1187 2634 1310 2667 Renati
1326 2634 1493 2667 Massueti
1516 2633 1674 2666 disserta-

937 2680 1048 2758 tilones
1060 2680 1216 2725 praevias
1230 2679 1271 2713 ad
1281 2679 1460 2713 Irenaeum
1472 2690 1504 2724 p.
1514 2677 1672 2712 XXVIII.

938 2730 953 2766 (
980 2726 1078 2767 'ab1·.)
1657 2738 1665 2744 .

983 2781 1011 2804 c.
1046 2770 1302 2805 numerositatis
1330 2781 1456 2804 novam
1486 2768 1672 2812 fallaciam]

938 2817 1066 2850 Multos
1090 2817 1242 2857 Aeonas,
1271 2816 1428 2849 Aeonum
1452 2815 1610 2859 syzygias
1635 2823 1675 2846 ac

938 2862 1172 2895 successiones
1186 2861 1408 2906 multiplices,
1427 2860 1466 2893 de
1485 2860 1606 2904 quibus
1623 2859 1673 2891 in-

937 2908 1000 2941 fra.
1041 2907 1320 2940 Numeros-itatem
1358 2918 1419 2951 pro
1457 2903 1674 2938 multitudine

938 2953 1068 2997 passim
1091 2952 1121 2985 le
1149 2962 1187 2985 as
1211 2952 1301 2997 apud
1324 2951 1572 2995 Augustinum,
1600 2949 1673 2982 Ma-

938 2998 1107 3038 crobium‚
1155 2998 1300 3038 rosium,
1319 2996 1512 3035 Sidonium,
1539 2999 1571 3027 et
1589 2995 1673 3027 alios

937 3043 1041 3077 medii
1058 3043 1132 3076 aevi
1153 3043 1350 3087 scriptores,
1374 3041 1487 3075 nescio
1509 3050 1553 3074 an
1570 3040 1670 3074 etiam

938 3088 1029 3134 apud
1045 3088 1265 3133 antiquiores.
1304 3087 1380 3128 (F.)

1695 771 1759 803 cap.
1779 770 1931 795 xxxviii
