2052 3342
194 528 258 560 (Ἤρ.
279 528 363 553 LXll.

175 932 240 962 (Ἃρ.
261 931 361 955 LXIII.

178 1954 244 1985 (¹:11).
264 1954 358 1980 LXIV.

390 135 470 175 256
1011 131 1311 157 PRAEDESTINATI

389 236 659 278 Mauritaniae
682 235 816 288 coepit
837 233 944 274 olim.
990 233 1076 274 Hos
1097 235 1237 274 miseri
1259 234 1501 275 Donatistae
1522 238 1666 289 postea
1686 234 1817 275 secuti
1837 245 1930 275 coe-

390 308 539 358 perunt
561 316 603 342 se
626 303 778 342 montis
800 303 1040 356 praecipitio
1064 304 1180 355 quasi
1203 303 1328 342 futuri
1349 306 1549 355 martyres
1577 302 1760 355 tradere,
1788 304 1835 342 ut
1862 303 1932 355 qui

389 373 515 412 vitam
539 375 749 410 aeternam
772 369 998 410 catholicae
1017 369 1431 423 fideiderelinquunt,
1454 369 1705 411 ¹bi0thanati
1723 373 1932 410 aeternam

389 443 562 480 mortem
584 440 809 479 inveniant.
844 438 996 479 Contra
1016 437 1090 479 hos
1114 438 1288 492 Optatus
1311 438 1460 491 legitur
1481 440 1624 491 egisse.

473 508 737 557 Sexagesiina
749 506 929 547 secunda
942 506 1124 546 haeresis
1137 507 1371 547 Ascitarum
1385 510 1458 546 est.
1490 506 1656 548 Ascitae
1669 520 1762 560 ergo
1778 506 1829 547 ab
1842 509 1931 546 utre

389 575 659 630 appellantur.
700 573 834 622 'Ao-7³32
856 576 966 615 enim
989 575 1141 615 Graece
1163 579 1254 614 uter
1276 574 1438 615 dicitur.
1477 574 1550 615 Isti
1571 588 1665 616 cum
1685 576 1727 615 in
1748 575 1931 615 trinitate

388 643 489 683 nihil
503 643 599 684 mali
613 644 660 683 110
669 643 806 686 beant.
825 647 956 683 utrem
970 647 1108 684 tamen
1122 644 1330 695 ingentem
1348 644 1463 682 iuxta
1474 642 1601 683 altare
1613 646 1772 698 ponunt
1782 655 1931 695 umque

387 726 561 752 vacuum
585 711 727 751 inllant
750 715 787 751 et
807 711 1116 752 linteaminibus
1138 711 1277 752 velant
1294 715 1335 751 et
1355 710 1540 763 adorant,
1561 711 1680 765 1quia
1701 711 1933 752 confectum

389 781 544 820 cruoris
569 779 723 821 domini
747 779 803 820 ibi
825 780 1047 831 adiiciunt,
1076 779 1175 819 illud
1207 779 1391 820 dicentes
1421 779 1724 832 evangelicum,
1751 777 1766 803 2
1786 778 1933 820 Vinum

387 863 537 889 vocum
560 850 600 888 in
624 855 732 888 utres
753 863 878 889 noro-s·
900 848 1124 899 adiiciunt,
1154 855 1189 887 et
1212 855 1388 902 utraque
1410 855 1719 888 con-servantur.

473 917 738 967 Sexagesima
750 918 871 956 tertia
884 916 1067 957 haeresis
1085 920 1147 955 est
1159 914 1556 968 passalorynchitae.
1590 915 1757 968 Omnes,
1770 913 1932 969 quando

388 984 439 1025 ad
462 984 679 1026 eeclesiam
702 999 818 1025 500111
841 986 1114 1036 conveniunt,
1143 988 1257 1025 tanto
1280 983 1443 1024 silentio
1466 983 1655 1036 student,
1680 987 1727 1023 ut
1752 986 1793 1023 et
1820 983 1931 1023 nari-

387 1053 464 1094 bus
487 1058 528 1093 et
549 1052 668 1093 labiis
699 1054 783 1093 suis
814 1052 987 1105 digitum
1011 1052 1243 1107 adponant⁷
1273 1066 1324 1093 ne
1353 1052 1418 1094 vel
1446 1053 1580 1106 ipsam
1606 1052 1933 1092 taciturnitatem

387 1121 552 1162 ssatibus
575 1120 753 1161 laedant.
806 1121 887 1161 Pur
908 1125 1045 1161 autem
1066 1135 1139 1175 per
1160 1120 1299 1176 palum
1329 1121 1503 1174 digitum
1524 1120 1753 1173 significare
1774 1118 1931 1160 malue-

387 1192 482 1242 rint,
504 1204 527 1230 a
550 1190 698 1243 quibus
721 1190 796 1230 1100
815 1203 965 1230 nomen
984 1191 1258 1244 compositum
1276 1194 1352 1242 est⁷
1374 1189 1528 1242 nescio,
1551 1201 1644 1229 cum
1662 1189 1816 1230 Graece
1831 1185 1933 1228 πάσ-

386 1261 504 1306 σαλος
527 1258 643 1313 palus
667 1257 847 1310 dicatur,
877 1262 918 1297 et
945 1257 1096 1309 digitus
1120 1250 1336 1310 δάκτυλος,
1364 1262 1404 1298 et
1432 1256 1569 1316 ῥύγχος
1597 1270 1735 1297 nasus.
1784 1255 1932 1297 Melius

386 1331 522 1367 antem
544 1326 644 1367 mihi
674 1326 857 1378 videtur⁷
886 1328 918 1366 si
948 1325 1340 1379 ])actylorynchitae
1368 1327 1611 1367 vocitentur.
1661 1325 1827 1366 Invenit
1853 1323 1932 1365 sibi

387 1394 572 1436 diabolus
595 1395 636 1435 in
660 1394 746 1447 lege
766 1394 831 1435 dei
850 1408 951 1448 quos
968 1395 1123 1435 faceret
1139 1394 1406 1447 Pythagoras,
1429 1393 1530 1435 illud
1547 1393 1814 1435 observantes
1831 1406 1930 1448 apo-

385 1463 498 1504 stoli:
522 1462 682 1504 ¹()1·al)o
699 1465 865 1518 ‘syn'tv'teffi
888 1462 1017 1504 orabo
1033 1470 1069 1503 et
1083 1470 1213 1504 mente
1225 1478 1237 1503 .·
1249 1463 1462 1518 psalmum
1477 1463 1615 1503 (licam
1629 1462 1795 1516 cpio-itu,
1809 1461 1928 1516 psal-

383 1547 494 1572 mum
516 1533 652 1573 ‹lic-mn
674 1539 710 1571 et
729 1538 870 1572 mente.
921 1531 1082 1572 Docent
1112 1545 1205 1583 ergo
1233 1531 1422 1572 homines
1449 1531 1558 1572 foras
1586 1529 1804 1571 eeclesiam
1833 1527 1930 1584 quid

385 1601 524 1641 dicant
545 1602 585 1640 in
609 1599 800 1641 cordibus
823 1600 907 1639 suis
930 1601 1038 1640 intra
1059 1599 1277 1640 ecclesiam
1293 1601 1430 1654 positi.
1463 1599 1588 1649 Quasi
1603 1611 1687 1639 non
1701 1597 1815 1639 idem
1830 1611 1928 1652 apo-

384 1669 513 1710 stolus
536 1669 708 1721 dixerit,
735 1667 896 1709 ‘monle
926 1669 1110 1709 credam
1137 1669 1195 1709 acl
1212 1669 1433 1721 iustitiam,
1463 1682 1533 1709 me
1561 1674 1698 1708 autem
1727 1665 1928 1721 confessio

385 1738 427 1781 nt
447 1739 504 1777 ad
522 1738 706 1778 *alutem
739 1737 773 1776 V
777 1750 902 1777 anum
925 1736 1015 1777 dico
1038 1750 1110 1789 ego
1133 1750 1227 1777 eum
1248 1736 1459 1777 Iabeiem
1448 1737 1628 1791 airipere
1652 1735 1721 1789 qui
1738 1734 1930 1787 dignatur

384 1805 535 1846 talibus
558 1804 843 1860 respondendo
861 1809 1024 1859 tempus
1042 1819 1298 1858 consumere,
1318 1806 1554 1858 iustumque
1571 1803 1707 1845 iudico
1725 1806 1770 1844 ut
1785 1806 1928 1844 tacen-

385 1878 446 1914 tes
469 1874 642 1914 tacendo
665 1875 890 1914 vincamus.

469 1942 735 1995 Sexagesima
764 1945 907 1995 quarta
934 1941 1118 1983 haeresis
1139 1943 1434 1996 Aquariorum,
1464 1942 1534 1995 qui
1563 1954 1612 1981 ex
1633 1939 1710 1981 hoc
1731 1939 1927 1995 appellati

386 2015 482 2051 sunt
508 2011 679 2064 Aquarii
707 2010 816 2064 quod
845 2024 993 2064 aquam
1021 2012 1197 2052 offerunt
1224 2012 1267 2051 in
1295 2010 1441 2065 poculo
1464 2010 1723 2050 sacramenti.
1773 2008 1930 2050 Dicunt

385 2081 495 2120 enim
514 2080 657 2119 vinum
679 2079 889 2119 ebrietatis
912 2092 1001 2119 esse
1023 2093 1123 2132 170111,
1144 2093 1217 2134 per
1238 2092 1362 2133 quam
1382 2077 1607 2119 homicidia
1628 2081 1669 2117 et
1688 2076 1926 2118 fornicatio-

384 2162 457 2188 nes
481 2151 521 2187 et
543 2151 679 2188 cetera
701 2146 857 2187 scelera
876 2151 1189 2201 perpetrantur,
1218 2161 1311 2188 eum
1338 2150 1500 2188 constet
1527 2147 1665 2187 omnia
1686 2145 1929 2186 excedentia

383 2216 552 2257 modum
573 2217 728 2256 crimen
750 2216 884 2255 facere
907 2220 948 2255 et
966 2216 1113 2256 vitium
1134 2229 1363 2270 procreare.
1414 2214 1506 2256 Non
1533 2227 1626 2267 ergo
1655 2214 1743 2254 vini
1762 2212 1927 2266 haustu,

385 2284 458 2326 sed
484 2285 697 2324 nimietate
726 2284 899 2324 crimina
927 2286 1252 2324 committuntur.
1305 2283 1412 2333 Quid
1439 2286 1502 2323 est
1527 2283 1640 2323 enim
1667 2281 1776 2335 quod
1802 2283 1926 2323 nimis

383 2357 593 2408 sumptum
614 2366 698 2394 non
720 2351 882 2406 culpam
903 2350 1111 2392 incurrat?
1141 2352 1314 2393 Bibatur
1341 2353 1466 2392 nimis
1494 2364 1620 2405 aqua,
1646 2350 1864 2392 videamus
1892 2351 1928 2391 si

384 2435 466 2462 non
487 2421 639 2473 laedat,
662 2420 900 2461 comedatur
921 2421 1046 2461 nimis
1067 2422 1207 2474 panis⁷
1234 2421 1449 2462 videamus
1473 2420 1507 2460 51
1528 2433 1610 2460 11011
1633 2418 1845 2473 crapulam
1864 2418 1925 2459 fa-

385 2492 479 2531 ciat.
531 2489 745 2544 Optimum
765 2502 859 2542 ergo
881 2489 922 2528 in
946 2487 1068 2528 rebus
1091 2488 1283 2529 omnibus
1304 2487 1471 2529 modum
1494 2490 1684 2528 tenentes
1707 2488 1831 2528 etiam
1850 2486 1926 2528 hos

383 2558 800 2610 anathematizamus,
828 2571 900 2597 cur
928 2570 1113 2597 cruorem
1141 2556 1294 2597 Christi
1321 2571 1346 2597 a
1366 2557 1479 2598 fonte
1501 2558 1740 2610 separantes
1761 2556 1923 2610 praeiu-

384 2627 491 2667 dicio
523 2627 818 2667 fornicatorum
849 2629 890 2666 et
919 2624 1219 2666 homicidarum
1250 2624 1434 2678 regulam
1464 2639 1489 2665 a
1519 2623 1682 2665 Christo
1713 2622 1925 2664 fundatam

383 2695 578 2736 audacter
599 2695 612 2718 ¹
622 2694 861 2747 infringant.

428 2796 510 2840 (ap.
528 2795 616 2829 IXI
636 2795 725 2827 -1
743 2793 933 2828 viothanati
951 2795 1024 2828 edd
1041 2793 1141 2827 Se‘rm.
1163 2795 1325 2829 Gcellmzd.

426 2842 507 2886 Cap
525 2840 630 2875 L.XII
658 2861 701 2865 —
726 2840 753 2873 1.
780 2841 938 2873 Fwtaeee
961 2840 1208 2872 rescribendum
1232 2847 1280 2872 est
1301 2840 1400 2884 quasi
1425 2838 1615 2873 confertum
1637 2842 1709 2876 cett,
1731 2848 1854 2869 oeceses
1877 2849 1924 2870 ees

382 2899 465 2931 qucze
481 2893 660 2931 sequimini
676 2886 847 2918 mmihi
865 2886 1037 2918 adiiciunt
1116 2884 1146 2918 2.
1170 2885 1291 2917 Matth.
1316 2885 1377 2925 IX,
1406 2885 1455 2918 17.

428 2932 508 2977 Gap.
526 2931 647 2965 LXIII.
665 2931 755 2963 —1.
773 2931 797 2964 1.
816 2930 966 2963 Corinth.
984 2930 1076 2971 XIV,
1097 2929 1147 2962 l5.
1216 2930 1247 2964 ἰ),
1266 2931 1365 2963 Rom.
1383 2931 1427 2963 X.
1448 2929 1498 2962 10

428 2978 507 3021 Cap.
524 2977 644 3010 LXIV.
663 2976 753 3010 -1
772 2976 965 3019 infringunt
980 2975 1054 3008 MS.
1068 2957 1160 3018 'Any
