2052 3374
699 804 744 861 P
787 804 842 861 A
883 803 934 861 U
976 803 1022 861 L
1064 803 1092 861 I

526 931 595 973 DE
625 930 963 973 HAEREsissus
994 930 1263 973 LIBELLUS.

121 1130 294 1218 Simon
326 1171 491 1224 Petrus,
531 1170 689 1226 primus
725 1170 1004 1226 apostolorum
1033 1171 1243 1213 aemulum
1280 1172 1426 1213 habuit
1457 1172 1670 1214 Simonem
1697 1181 1761 1213 Cav-
1786 1183 1803 1207 1-

118 1254 298 1294 magum,
325 1239 506 1295 primum
526 1240 849 1292 haereticorum,
878 1240 944 1281 cui
965 1244 1006 1280 et
1026 1240 1294 1282 maledixisse
1315 1241 1465 1294 legitur
1485 1241 1529 1281 111
1551 1241 1669 1282 Acti-

119 1310 196 1351 bus
223 1307 536 1364 Apostolorum,
563 1323 636 1364 pro
666 1322 712 1350 eo
751 1309 883 1363 lquod
918 1310 1088 1364 spiritus
1117 1311 1251 1350 sancti
1279 1309 1453 1363 gratiam
1483 1313 1672 1364 putasset

118 1377 298 1433 pecunia
318 1377 548 1418 emendam.
599 1377 710 1419 Haec
732 1377 936 1431 haeresis,
958 1381 1160 1432 quantum
1181 1377 1233 1419 ad
1254 1378 1472 1419 avaritiam
1494 1382 1671 1433 spectat,

117 1459 248 1500 usque
268 1445 391 1493 hodie
413 1445 692 1501 2perseverat,
721 1446 910 1501 quamvis
932 1445 1186 1501 periculosa,
1217 1451 1258 1487 et
1279 1451 1482 1501 quatenus
1511 1447 1668 1488 intelli-

117 1514 253 1569 genda
264 1515 332 1568 sit,
357 1514 585 1570 capitulum
596 1516 764 1556 tertium
787 1515 921 1569 quarti
938 1515 1186 1556 universalis
1209 1515 1376 1557 concilii
1398 1515 1507 1571 apud
1528 1515 1668 1557 3Chal-

119 1582 319 1626 cedonam
347 1597 372 1624 a
397 1585 606 1625 sexcentis
632 1583 742 1625 XXX
770 1583 903 1625 habiti
931 1583 992 1624 sie
1021 1584 1222 1625 ostendit:
1260 1584 1305 1626 Si
1334 1584 1427 1638 quis
1449 1585 1669 1640 episcopus

116 1665 190 1707 per
209 1652 431 1707 pecuniam
450 1652 598 1693 fecerit
617 1652 935 1705 ordinationem,
957 1656 998 1692 et
1018 1652 1094 1693 sub
1112 1654 1242 1707 pretio
1261 1652 1467 1707 redegerit
1481 1655 1670 1708 gratiam,

117 1734 222 1775 quae
250 1735 331 1762 non
360 1724 498 1776 potest
526 1720 671 1773 vendi,
700 1720 1033 1775 ordinaveritque
1063 1735 1137 1776 per
1163 1721 1385 1776 pecuniam
1413 1722 1670 1777 episcopum,

118 1792 190 1830 aut
207 1789 512 1844 presbyterum,
540 1793 610 1830 aut
631 1789 866 1842 diaconum,
895 1789 962 1831 vel
990 1789 1218 1844 quemlibet
1246 1803 1296 1831 ex
1324 1790 1388 1832 his
1418 1792 1488 1845 qui
1510 1805 1667 1832 connu-

117 1862 330 1899 merantur
350 1859 394 1899 in
416 1857 539 1911 clero,
567 1862 640 1899 aut
659 1859 911 1913 promoverit
930 1872 1004 1913 per
1024 1860 1222 1913 pecunias
1245 1859 1577 1913 dispensatorem
1599 1863 1670 1900 aut

119 1925 392 1980 defensorem,
412 1926 478 1968 vel
500 1940 703 1981 quemque
727 1927 796 1981 qui
818 1926 1028 1968 subiectus
1051 1931 1115 1968 est
1134 1927 1312 1982 regulae,
1333 1942 1405 1983 pro
1428 1930 1491 1969 sui
1513 1928 1667 1984 turpis-

118 1995 212 2037 simi
233 1995 339 2037 lucri
357 1995 586 2048 commodo,
615 1997 664 2048 is,
693 1995 759 2036 cui
780 1995 856 2036 hoc
879 1998 1145 2051 attemptanti
1166 1996 1387 2051 probatum
1408 1997 1546 2050 fuerit,
1572 2012 1667 2053 pro-

117 2063 198 2119 prii
218 2064 369 2118 gradus
390 2063 574 2119 periculo
604 2063 853 2117 subiacebit,
879 2068 921 2105 et
947 2064 1015 2119 qui
1046 2064 1259 2106 ordinatus
1281 2069 1358 2119 est,
1387 2065 1492 2106 nihil
1520 2079 1569 2107 ex
1590 2066 1668 2107 hae

119 2132 374 2174 ordinatione
395 2131 490 2173 4aut
507 2132 776 2187 promotione,
798 2146 900 2186 quae
919 2137 982 2173 est
1001 2146 1073 2188 per
1090 2133 1412 2187 negotiationem
1428 2134 1551 2187 facta,
1571 2149 1666 2189 pro-

119 2200 245 2254 ficiat,
267 2200 322 2241 sit
341 2200 502 2242 alienus
524 2214 573 2241 ea
593 2200 792 2254 dignitate
813 2201 879 2242 vel
900 2201 1178 2243 sollicitudine
1196 2216 1318 2257 quam
1334 2202 1522 2258 pecuniis
1541 2217 1666 2257 quae-

118 2269 229 2310 sivit.
271 2268 315 2310 Si
337 2268 429 2323 quis
450 2283 546 2310 vero
568 2269 772 2311 mediator
793 2274 878 2311 tam
898 2268 1088 2326 turpibus
1111 2276 1151 2312 et
1171 2271 1363 2312 nefandis
1381 2271 1488 2312 datis
1511 2271 1575 2312 vel
1597 2287 1665 2312 ac-

119 2337 249 2393 ceptis
272 2337 470 2389 extiterit,
492 2337 525 2377 si
549 2337 714 2392 quidem
733 2338 907 2380 clericus
925 2339 1062 2393 suerit,
1082 2340 1247 2396 proprio
1265 2340 1394 2394 gradu
1416 2339 1602 2393 decidat,
1632 2341 1664 2381 si

118 2419 213 2447 vero
234 2405 365 2447 laicus
387 2406 484 2446 ⁵aut
510 2405 751 2459 monachus,
773 2407 1157 2451 anathematizetur.
1209 2409 1335 2450 Porro
1359 2412 1514 2463 quanta
1540 2422 1665 2449 vene-

118 2473 276 2516 ratione
299 2474 610 2529 suscipiendum
631 2474 686 2515 sit
706 2474 781 2516 hoc
805 2475 1032 2530 capitulum
1059 2476 1348 2519 6beatissimus
1376 2491 1484 2531 papa
1513 2477 1664 2530 Grego-

118 2543 203 2583 rius
228 2541 323 2583 huis
352 2542 533 2584 nominis
561 2542 719 2597 primus
748 2543 790 2584 in
822 2557 896 2584 sua
923 2545 1123 2598 synodica
1151 2544 1354 2596 declarat,
1392 2545 1461 2586 ubi
1490 2550 1666 2599 quatuor

118 2611 368 2652 universalia
390 2610 578 2663 concilia,
600 2624 648 2651 ex
671 2612 819 2665 quibus
841 2612 953 2654 istud
975 2618 1165 2666 quartum
1187 2618 1264 2665 est,
1293 2617 1465 2666 quatuor
1487 2627 1663 2662 evange-

119 2678 186 2720 liis
197 2683 417 2735 comparat.
452 2679 544 2720 Alia
561 2679 902 2733 Simoniacorum,
920 2681 1006 2721 sive
1021 2680 1368 2732 Simonianorum,
1382 2680 1565 2721 haeresis
1584 2682 1663 2722 iam

119 2747 290 2802 antiqua
311 2752 387 2801 est,
409 2761 488 2802 qua
511 2747 703 2788 dixerunt
724 2752 951 2790 creaturam
976 2763 1056 2790 non
1080 2763 1103 2788 a
1125 2748 1214 2801 deo,
1243 2748 1315 2790 sed
1344 2764 1368 2789 a
1390 2749 1540 2790 virtute
1563 2763 1663 2803 qua-

120 2814 216 2856 dam
236 2829 415 2871 superna
432 2820 623 2857 creatam.

209 2938 290 2984 Cap.
307 2938 332 2972 I.
350 2959 392 2964 —
421 2940 448 2974 1.
467 2940 525 2984 qui
542 2940 644 2972 codex
660 2945 803 2983 uterque.
873 2940 904 2974 2.
930 2941 971 2974 Ιιι
988 2947 1063 2974 retr.
1081 2941 1178 2974 libris
1195 2942 1363 2975 distinctio
1389 2948 1437 2974 est
1457 2946 1661 2986 perseverat.

119 2983 282 3025 Quamvis
300 2991 374 3018 cett.
443 2985 474 3019 3.
500 2984 727 3019 Calcedonam
744 2985 868 3018 habent
887 2987 976 3026 libre,
995 2988 1262 3030 quemadmodum
1282 2991 1381 3020 etiam
1400 2990 1493 3031 infra
1513 3000 1589 3034 cap.
1607 2988 1660 3023 45.

119 3029 151 3066 4.
167 3033 207 3064 ut
223 3032 295 3065 eod.
312 3036 456 3076 uterque.
526 3030 557 3064 5.
575 3034 612 3063 ut
630 3032 700 3064 eod.
718 3037 861 3075 *nter-quc.
934 3031 964 3064 G.
983 3032 1219 3067 beatissimum
1237 3034 1332 3067 codd.
