2052 3342
181 1462 245 1494 (κη).
267 1461 365 1487 xcm.

1065 192 1262 219 PHILASTRI

392 195 445 238 88

393 313 417 340 a
437 310 580 349 carne,
607 296 769 349 dicens,
807 295 857 337 Sc·
876 297 983 338 enim
1004 298 1302 352 coqnovz'ssent,
1332 310 1549 352 nunquam
1569 298 1780 340 dominum
1798 300 1925 339 maie-

392 366 531 407 statis-¹⁷
555 365 865 418 crucifioez‘ssent.
905 364 1055 405 Paulus
1079 366 1214 418 itaque
1237 366 1451 407 coniunxit
1471 369 1688 420 utrumque
1710 370 1756 407 ut
1776 365 1927 407 Christi

393 434 619 475 bonitatem
641 438 681 473 et
702 433 1024 474 misericordiam
1045 433 1164 473 nobis
1193 432 1477 474 manifestaret
1506 433 1803 488 plenissimam.
1849 434 1926 475 Pe-

392 507 477 543 trus
499 501 650 542 autemi
673 500 881 556 apostolus
903 501 1010 555 quod
1033 506 1177 542 natura
1198 506 1261 542 est
1281 501 1478 556 passibile
1502 506 1544 542 et
1563 501 1671 556 quod
1688 506 1751 543 est
1772 504 1926 557 impas-

392 569 510 610 sibile
533 569 671 610 docuit
693 583 741 609 ex
763 575 923 624 aperto,
947 569 1108 622 dicens,
1130 570 1324 610 illm-tuus
1348 568 1514 624 quidem
1534 577 1592 611 est
1613 582 1802 625 corpore,
1823 571 1927 612 vivi-

380 639 535 692 ficatus
557 645 692 678 autem
712 639 875 692 spiritu.
914 637 1054 691 Neque
1078 651 1170 691 ergo
1193 652 1285 678 caro
1309 652 1332 677 a
1353 637 1569 678 divinitate
1591 651 1667 678 neo
1689 637 1883 679 divinitas
1905 652 1929 680 a

391 720 512 748 carne
543 706 685 746 aberat
715 719 807 747 eum
840 720 931 746 caro
964 711 1171 760 pateretur
1202 706 1383 746 humana
1412 705 1676 758 naturaliter,
1707 709 1748 746 et
1776 708 1820 747 in
1850 706 1927 749 hoc

392 776 519 829 ¹³ips0
544 776 804 829 permittente
829 773 979 814 Christi
1003 774 1218 814 divinitate
1247 775 1490 827 mysterium
1519 778 1684 815 nostrae
1714 788 1838 816 causa
1859 788 1924 816 sa-

390 842 486 884 lutis
510 841 913 884 1⁴consummabatur
936 856 960 882 a
981 842 1165 894 domino,
1195 847 1238 882 ut
1268 841 1391 896 plena
1419 841 1596 883 devictio
1619 842 1735 884 fieret
1754 843 1926 896 inimici,

390 916 434 952 ut
455 913 496 951 in
518 925 596 965 quo
618 910 833 951 videbatur
856 916 898 951 ut
921 910 1040 951 homo
1064 912 1162 965 pati,
1184 911 1251 964 qui
1275 909 1374 951 deus
1397 914 1484 950 erat
1504 911 1548 951 111
1571 924 1714 963 earne,
1743 924 1825 952 non
1847 911 1928 953 sibi

390 979 463 1020 sed
484 979 602 1020 nobis
633 980 714 1019 iam
741 981 925 1019 vinceret
951 980 1187 1030 inimicum,
1215 978 1415 1032 nobisque
1446 981 1542 1018 ante
1573 977 1771 1020 devictisk
1799 979 1842 1019 in
1864 980 1927 1020 sui

390 1049 582 1103 passione
605 1049 645 1087 in
668 1061 760 1088 eum
783 1047 1044 1088 credentibus
1068 1046 1260 1087 vincendi
1282 1048 1507 1101 potentiam
1531 1048 1729 1101 aperiret⁷
1750 1060 1923 1101 eumque

390 1115 655 1169 sequentibus
678 1115 895 1156 caelestem
918 1115 1086 1168 gloriam
1107 1116 1371 1155 ministraret.
1404 1114 1494 1156 Non
1512 1128 1606 1168 ergo
1630 1115 1659 1139 ¹⁵
1671 1114 1735 1156 dei
1757 1118 1924 1156 natura-

391 1184 439 1224 lis
462 1185 597 1238 passio
621 1188 661 1224 et
683 1184 796 1224 dolor
816 1183 910 1224 talis
934 1185 973 1223 in
997 1183 1211 1223 divinitate
1235 1184 1321 1223 eius
1343 1183 1608 1236 gignebatur,
1629 1184 1738 1224 sicut
1759 1183 1927 1237 quidam

390 1254 610 1293 aestimant
639 1251 839 1306 (alioquin
869 1252 988 1292 homo
1012 1251 1144 1292 solum
1167 1256 1274 1304 erat⁷
1303 1265 1385 1292 non
1408 1251 1507 1292 deus
1530 1251 1733 1304 ethome,
1763 1255 1809 1292 ut
1825 1253 1926 1292 scri-

390 1326 506 1376 ptum
527 1320 640 1373 est)¹⁷
662 1320 733 1361 sed
756 1321 995 1374 mysterium
1015 1320 1188 1373 [nostrae
1212 1333 1333 1360 eausa
1355 1319 1499 1360 salutis
1521 1323 1711 1360 aeternae
1733 1333 1926 1361 consum-

388 1390 591 1441 mabatur,
614 1388 720 1442 quod
743 1394 837 1429 ante
861 1389 991 1429 suerat
1010 1389 1246 1428 nuntiatum
1267 1402 1290 1428 a
1310 1387 1398 1441 lege
1419 1389 1573 1442 pariter
1594 1391 1635 1428 et
1654 1387 1880 1443 prophetis.

475 1458 568 1498 ¹Est
589 1457 769 1498 haeresis
793 1470 893 1511 quae
917 1457 1016 1497 dicit
1037 1456 1163 1497 veluti
1186 1456 1412 1498 triformem
1429 1455 1575 1496 deuma
1597 1469 1686 1497 esse
1703 1460 1745 1497 et
1761 1470 1926 1512 compo-

391 1529 528 1578 situm,
550 1530 594 1567 ut
611 1525 812 1580 quaedam
828 1540 922 1580 pars
940 1527 1084 1580 patris,
1102 1525 1302 1578 quaedam
1320 1524 1407 1577 filii,
1425 1524 1628 1578 quaedam
1644 1525 1813 1580 spiritus
1831 1538 1926 1566 san-

390 1597 443 1636 cti
467 1596 534 1647 sit,
555 1599 676 1648 atque
700 1596 753 1634 ita
777 1594 887 1635 credi
910 1593 1056 1634 debere
1079 1592 1271 1645 23(1561·11,
1293 1597 1333 1633 et
1353 1593 1430 1634 hoo
1452 1592 1593 1634 dicens
1614 1594 1750 1634 nescit
1769 1606 1844 1634 nec
1860 1594 1926 1634 in-

390 1662 539 1716 telligit
560 1662 724 1703 divinae
748 1664 975 1716 scripturae
1005 1663 1264 1702 sententiam.
1306 1661 1553 1702 Triformem
1580 1662 1692 1702 enim
1720 1660 1927 1715 quandam

390 1731 556 1772 3dicens
594 1731 869 1771 substantiam
906 1730 1033 1771 multo
1065 1729 1350 1783 “blasphemat
1378 1731 1556 1770 maxime
1594 1731 1787 1783 ignorans
1818 1729 1926 1784 quod

391 1799 492 1840 alter
515 1803 577 1839 est
598 1801 666 1852 qui
687 1801 813 1851 misit,
835 1798 937 1838 alter
959 1799 1027 1852 qui
1048 1800 1200 1838 missus
1222 1802 1295 1838 est.
1327 1797 1430 1851 Ergo
1453 1802 1517 1839 est
1535 1811 1634 1839 vera
1653 1811 1832 1853 persona
1849 1812 1924 1853 pa-

389 1868 511 1920 trisb,
540 1881 642 1921 quae
671 1869 786 1907 misit
815 1866 964 1918 lilium⁷
993 1871 1033 1906 et
1061 1871 1123 1907 est
1150 1879 1246 1906 vera
1266 1879 1441 1920 persona
1468 1865 1542 1906 filii
1563 1878 1666 1920 quae
1688 1865 1856 1907 advenit
1877 1865 1926 1907 de

392 1940 527 1990 patre,
556 1940 597 1976 et
617 1940 679 1976 est
700 1949 795 1976 vera
822 1948 997 1990 persona
1019 1936 1191 1990 spiritus
1221 1948 1323 1988 quae
1354 1948 1378 1975 a
1398 1934 1481 1975 filio
1505 1937 1546 1974 et
1564 1938 1680 1989 patre
1701 1935 1830 1975 missa
1850 1939 1925 1976 est.

391 2005 532 2045 Trium
553 2005 690 2058 itaque
712 2004 857 2044 harum
877 2017 1144 2058 personarum
1166 2017 1247 2043 una
1265 2006 1328 2043 est
1343 2004 1510 2055 veritas⁷
1530 2003 1724 2043 maiestas
1742 2006 1783 2043 et
1802 2002 1926 2044 551113-

392 2074 568 2114 stantiae
590 2071 814 2126 aequalitas
843 2076 883 2113 et
911 2071 1105 2112 divinitas
1134 2073 1398 2126 sempiterna.
1446 2069 1585 2121 Qualis
1607 2074 1671 2111 est
1691 2072 1827 2113 3111111ο
1847 2073 1925 2113 im-

483 2195 533 2230 13.
550 2196 625 2241 ipso
644 2196 687 2230 A.
704 2195 779 2240 ipsa
796 2195 923 2239 reliqui.
996 2195 1046 2230 14.
1064 2198 1322 2229 consummatur
1339 2194 1368 2228 b.
1439 2193 1489 2228 15.
1507 2193 1561 2227 dei
1577 2206 1636 2228 om.
1654 2194 1699 2229 A.

482 2241 563 2286 Cap.
579 2240 699 2275 XCIII.
715 2244 746 2273 in
765 2241 838 2273 abe.
864 2243 1107 2284 inscriptionem
1127 2241 1227 2273 hahet
1247 2240 1420 2274 Hannsssrs
1437 2251 1639 2273 Tarromssffl
1658 2251 1752 2273 onvn
1768 2249 1925 2275 lucrans.

394 2308 435 2312 —
463 2288 490 2321 1.
507 2288 583 2321 Alia
600 2292 649 2320 est
666 2286 816 2319 haeresis
835 2287 878 2319 A.
942 2285 971 2318 2.
989 2291 1156 2327 asserunt,
1174 2290 1206 2319 et
1223 2285 1287 2318 hoe
1306 2285 1456 2319 dicentes
1473 2285 1630 2318 nesciunt
1652 2296 1715 2319 nee
1729 2285 1928 2330 intelligunt

394 2335 437 2368 A.
507 2333 537 2366 3.
556 2333 704 2366 dieentes
730 2332 774 2366 A.
843 2331 875 2365 4.
903 2330 1142 2376 blasphemant
1169 2331 1320 2365 maxime
1347 2331 1546 2376 ignorantes
1571 2331 1615 2365 A.
1683 2330 1715 2365 5.
1733 2331 1927 2366 substantia

394 2379 546 2424 aequalis
560 2379 604 2411 A.

437 2481 470 2514 h.
495 2481 672 2514 dominum
699 2479 905 2522 maiestatis]
934 2478 1048 2523 Κύριον
1070 2481 1124 2522 τῆς

395 2526 489 2567 δόξης
514 2527 542 2559 1.
561 2525 710 2559 Corinth.
724 2525 805 2559 118.
824 2524 1126 2559 ConferAlcimum

394 2572 532 2606 Avitum
547 2571 653 2616 Epist.
671 2570 702 2604 3.
749 2571 822 2613 (F.)

437 2629 459 2661 i.
483 2628 602 2661 Petrus
619 2629 748 2670 autem]
769 2628 797 2660 1.
809 2625 964 2660 Petr.111.
981 2625 1029 2660 IS.
1051 2626 1126 2668 „Ozz-

395 2672 544 2711 νατωθεὶς
569 2672 624 2716 μὲν
649 2673 760 2717 σαρκὶ,
792 2671 998 2714 ζωοποιηθεὶς
1023 2671 1057 2704 δὲ
1080 2675 1127 2717 τῷ

396 2718 579 2764 πνεύματι.”
626 2718 700 2760 (F.)

439 2775 472 2809 k.
496 2775 662 2819 nobisque
675 2778 753 2808 ante
766 2774 921 2817 devictis]
944 2773 1127 2807 Vincendis

396 2821 511 2862 facile,
533 2821 601 2854 nisi
614 2818 722 2864 ipsiu‘s
740 2831 802 2865 ope
819 2824 852 2853 et
869 2820 996 2854 auxilio
1014 2819 1128 2853 defen-

397 2867 561 2900 deremur.
608 2865 681 2908 (F.)

441 2923 463 2956 l.
487 2927 525 2956 ut
548 2922 712 2967 seriptum
735 2922 799 2964 est]
822 2920 891 2955 Ioh.
908 2921 933 2955 Ι.
955 2921 1004 2955 14.
1027 2925 1127 2966 atque

400 2969 474 3002 aliis
491 2969 526 3002 in
541 2968 636 3002 locis.
682 2966 755 3009 (F.)

444 3024 524 3070 Cap.
539 3023 661 3060 XCIII.
684 3043 727 3049 —
750 3033 780 3057 3.
803 3022 991 3058 triformem
1014 3023 1129 3066 deum]

1191 2479 1330 2514 Danaeo
1343 2479 1386 2513 ad
1397 2478 1629 2523 Augustinum
1635 2477 1770 2513 haeresi
1777 2478 1831 2513 74.
1852 2478 1926 2513 Tri-

1185 2528 1294 2569 sormi
1298 2528 1310 2558 ι’
1325 2525 1397 2559 sive
1418 2524 1449 2556 Τ
1445 2526 1640 2568 risormiam'
1646 2549 1654 2565 ,
1672 2524 1812 2558 Auetori
1826 2524 1926 2558 Prae-

1195 2570 1355 2604 destinati
1369 2581 1396 2605 c.
1413 2569 1466 2603 74.
1486 2569 1517 2601 T
1514 2570 1705 2610 riscilidae,
1723 2581 1768 2603 an
1789 2570 1926 2603 Tris-eli-

1196 2618 1260 2649 dae
1271 2616 1326 2650 vel
1343 2615 1373 2647 T
1370 2615 1559 2654 riseelz'dae,
1572 2614 1697 2648 diversi
1709 2626 1730 2649 a
1741 2614 1926 2657 Tritheitis,

1195 2661 1253 2694 sed
1281 2661 1474 2706 propriores
1499 2659 1714 2702 Sabellianis,
1732 2660 1773 2694 de

1194 2706 1395 2740 Philastrius
1419 2715 1522 2750 supra
1543 2715 1570 2738 e.
1587 2705 1641 2740 54.
1671 2705 1780 2748 [Adde

1195 2753 1281 2786 tium
1297 2751 1340 2785 ad
1355 2751 1538 2796 Virgilium
1553 2761 1585 2795 p.
1605 2750 1694 2794 145.]
1740 2751 1815 2794 (F.)

1250 2798 1282 2831 b.
1307 2807 1388 2831 vera
1406 2805 1553 2842 persona
1571 2796 1693 2840 patris]
1723 2795 1926 2840 Symbolum

1194 2842 1357 2876 Athanas.
1376 2842 1481 2885 „Alia
1495 2847 1544 2874 est
1550 2852 1700 2886 persona
1707 2844 1834 2886 patris,
1851 2843 1926 2875 alia

1189 2889 1274 2932 filii,
1298 2889 1371 2921 alia
1392 2889 1532 2932 spiritus
1552 2897 1579 2920 8.
1608 2885 1676 2919 Sed
1684 2889 1801 2930 patri-3
1817 2892 1850 2919 et
1855 2887 1927 2931 filii

1197 2940 1228 2966 et
1248 2936 1386 2978 spiritus
1407 2945 1433 2967 8.
1456 2944 1524 2965 una
1540 2937 1589 2964 est
1603 2932 1779 2972 divinita-3,
1801 2943 1924 2976 aequa-

1197 2980 1238 3011 lis
1251 2980 1375 3022 qloria,
1393 2984 1426 3011 et
1439 2982 1615 3011 coaeterna
1630 2977 1821 3012 maiestas?
1849 2976 1924 3020 (F.)

1241 3034 1270 3058 c.
1295 3023 1412 3066 Qualis
1433 3025 1486 3059 est
1505 3022 1613 3066 enim]
1641 3021 1682 3057 In
1697 3021 1817 3058 eodem
1832 3032 1924 3067 sym-

1823 2661 1925 2694 uibus

1827 2704 1926 2739 ,me-
