2052 3374
650 167 701 192 DE
721 166 958 192 HAERESI'BUS
979 166 1173 192 LIBELLUS.
1604 166 1685 207 319

134 274 302 326 gerunt,
332 272 516 327 recipere
549 271 738 313 nolentes
770 272 821 314 ab
854 271 1055 314 ecclesiae
1088 271 1379 313 communione
1409 272 1686 312 recesserunt.

132 340 256 382 Extat
277 339 475 382 adversus
498 354 567 382 eos
591 340 776 395 dialogus
799 341 911 382 beati
930 342 1196 396 Hieronymi,
1219 342 1289 396 qui
1309 339 1545 381 intitulatur
1564 338 1687 380 Luci-

132 409 281 451 feriani
301 413 343 457 et
363 408 604 451 Orthodoxi.

217 478 502 534 JEustathiani
523 493 547 519 a
563 478 743 533 quodam
758 478 972 520 Eustathio
990 480 1220 534 nuncupati
1237 492 1380 520 omnes
1392 478 1558 533 nuptias
1571 476 1688 518 dam·
1714 487 1780 520 Cap·
1797 485 1896 512 XLVI·

133 550 352 601 naverunt,
372 547 482 588 unde
505 551 545 588 et
564 549 716 589 missas
737 546 752 571 2
758 547 1097 602 presbyterorum
1119 551 1214 588 ante
1238 562 1377 589 sacros
1400 547 1566 589 ordines
1589 560 1688 587 con-

132 617 364 670 iugatorum
385 620 651 671 spreverunt:
675 619 818 657 contra
839 630 941 671 quos
965 616 1222 658 celebratum
1243 620 1307 658 est
1329 617 1567 670 Gangrense
1591 629 1689 657 con-

135 685 290 727 cilium.
1504 694 1506 696 “

215 754 376 796 Horum
396 757 437 795 et
459 767 600 796 eorum
631 768 733 809 quos
763 767 889 809 supra
916 752 1097 794 diximus
1127 754 1349 796 ¹Tatianos
1380 758 1421 795 et
1442 754 1688 796 Severianos
1715 764 1781 796 Cap·
1800 762 1914 788 XLVII-

132 822 476 865 immoderantiae
496 823 680 864 medium
701 822 888 864 volentes
904 823 1215 875 Iovinianistae,
1237 838 1261 863 a
1277 823 1459 877 quodam
1474 823 1688 864 Ioviniano

132 891 337 934 monacho
360 891 475 945 dicti⁷
498 896 642 933 contra
663 905 787 946 quem
802 892 933 932 fertur
950 891 1160 945 egregium
1177 906 1279 946 opus
1296 892 1552 946 Hieronymi,
1575 905 1688 933 asse-

132 960 282 1002 rebant
302 960 461 1002 nullam
481 964 705 1016 nuptarum
735 963 776 1002 et
794 961 1004 1014 virginum
1033 974 1124 1001 esse
1153 960 1415 1014 distantiam,
1445 960 1689 1014 nullumque

132 1029 243 1071 inter
264 1029 522 1071 abstinentes
545 1033 585 1071 et
606 1029 857 1084 simpliciter
879 1029 1094 1085 epulantes
1117 1043 1208 1071 esse
1232 1030 1469 1072 discrimen.

216 1098 456 1140 Helvidiani
484 1098 535 1139 ab
563 1097 756 1139 Helvidio
784 1100 1009 1151 nominati,
1039 1112 1163 1153 quem
1191 1103 1231 1139 et
1262 1098 1402 1154 ipsum
1432 1102 1690 1140 confutatum
1716 1109 1782 1141 Cap·
1802 1109 1929 1135 xnvm.

132 1167 309 1221 legimus
330 1166 555 1209 fortissimo
569 1168 723 1222 scripto
740 1167 851 1208 beati
863 1167 1120 1222 Hieronymi,
1143 1167 1287 1208 dicunt
1302 1172 1396 1223 post
1413 1172 1558 1209 natum
1571 1167 1690 1209 Chri-

134 1240 246 1278 stum
266 1236 369 1278 alios
389 1236 562 1277 Mariam
584 1235 691 1277 filios
714 1237 764 1280 de
785 1236 873 1277 viro
896 1235 1046 1291 Ioseph
1066 1238 1294 1292 peperisse.

216 1304 470 1358 Paterniani‚
492 1319 516 1346 a
537 1305 717 1360 quodam
736 1305 914 1347 Paterno
938 1307 1085 1358 exorti,
1105 1306 1322 1347 inferiores
1345 1307 1527 1362 corporis
1548 1310 1690 1362 partes
1716 1316 1782 1349 Cap·
1803 1317 1901 1342 xmx.

134 1387 159 1414 a
179 1373 341 1415 diabolo
362 1373 493 1415 factas
516 1375 750 1429 opinantur.

217 1442 402 1496 Arabici,
422 1444 653 1498 nuncupati
674 1443 725 1484 ab
749 1457 795 1484 eo
819 1443 929 1497 quod
950 1445 993 1484 in
1014 1443 1172 1485 Arabia
1194 1444 1325 1485 exorti
1349 1448 1466 1498 sunt,
1496 1444 1692 1486 (licebant
1717 1455 1784 1486 Cap.
1805 1455 1835 1480 L·

135 1513 319 1553 animam
341 1526 435 1553 cum
457 1526 626 1568 corpore
647 1513 752 1553 mori
774 1516 895 1566 atque
919 1513 961 1552 in
978 1512 1205 1554 novissimo
1223 1517 1445 1568 utrumque
1464 1528 1688 1568 resurgere.

219 1580 652 1622 ¹Tessaresdecatitae
675 1581 777 1621 dicti
807 1581 916 1635 quod
945 1585 1092 1635 quarta
1115 1580 1277 1623 decima
1298 1582 1398 1624 luna
1418 1583 1573 1638 pascha
1596 1597 1691 1625 cum
1723 1592 1789 1626 Cap·
1808 1593 1854 1618 LI-

134 1649 298 1692 Iudaeis
320 1649 628 1692 observandum
650 1649 919 1691 contendunt.

220 1719 448 1774 ¹Nyctages
477 1733 501 1760 a
530 1733 673 1761 somno
705 1720 955 1774 nuncupati,
985 1719 1095 1774 quod
1123 1718 1285 1773 w'gilias
1315 1722 1449 1762 noctis
1478 1725 1691 1777 respuant,
1716 1731 1782 1764 Cap·
1804 1732 1864 1757 LII-

135 1789 476 1844 superstitionem
499 1802 589 1829 esse
612 1788 799 1829 dicentes
820 1790 911 1829 iura
930 1791 1135 1829 temerare
1159 1788 1320 1843 divina,
1350 1789 1419 1844 qui
1448 1794 1617 1832 noctem
1638 1790 1691 1831 ad

134 1859 323 1912 requiem
342 1856 502 1898 tribuit.
552 1857 711 1898 Horum
733 1861 877 1898 auctor
896 1857 1147 1911 Vigilantius
1168 1858 1259 1911 fuit,
1282 1863 1425 1900 contra
1447 1873 1568 1914 quem
1592 1873 1689 1900 san-

136 1928 226 1967 ctus
246 1925 527 1980 Hieronymus
550 1925 738 1967 scribens
761 1927 897 1981 potius
926 1926 1159 1967 vocandum
1189 1931 1331 1968 censet
1350 1927 1689 1969 Dormitantiurn.

218 1994 445 2048 Pelagiani‚
466 2009 490 2035 a
508 1994 672 2048 Pelagio
695 1994 896 2036 monacho
921 1997 1065 2049 exorti,
1085 1995 1265 2037 liberum
1287 1996 1506 2039 arbitrium
1524 1997 1690 2039 divinae
1717 2008 1785 2041 Cap·
1805 2009 1881 2034 LITI-

134 2063 289 2117 gratiae
307 2067 580 2118 anteponunt,
597 2063 782 2105 dicentes
801 2063 990 2105 sufficere
1006 2064 1265 2106 voluntatem
1281 2065 1333 2107 ad
1350 2065 1563 2121 implenda
1578 2068 1692 2108 iussa

136 2132 290 2174 divina.
322 2132 439 2173 Hanc
463 2135 602 2173 autem
623 2131 815 2173 haeresin
836 2132 1032 2174 videntur
1052 2134 1330 2190 assumpsisse
1354 2149 1404 2175 ex
1420 2135 1597 2177 lectione
1616 2136 1688 2178 do-

137 2204 297 2243 ctorum
317 2200 478 2242 arbitrii
498 2200 733 2242 libertatem
757 2206 900 2243 contra
920 2202 1237 2244 mathematicos
1268 2208 1309 2244 et
1329 2204 1594 2246 Manichaeos
1616 2205 1688 2246 de-

136 2269 403 2311 fensantium.
442 2269 670 2324 Postquam
692 2284 787 2311 vero
809 2270 1134 2325 praedestinatio
1158 2272 1324 2314 divinae
1346 2275 1502 2327 gratiae
1520 2288 1594 2329 per
1615 2289 1688 2315 au-

137 2340 349 2380 ctoritates
377 2338 656 2380 Romanorum
683 2338 949 2394 pontificum,
976 2340 1175 2382 videlicet
1202 2341 1458 2395 Innocentii‚
1497 2342 1689 2395 ¹Zosimi,

135 2406 341 2450 Bonifacii
363 2410 403 2448 et
420 2406 658 2460 Caelestini,
678 2407 780 2449 item
801 2422 875 2464 per
892 2408 1059 2451 decreta
1074 2410 1262 2452 Africani
1281 2407 1462 2465 concilii,
1483 2425 1560 2452 noc
1582 2410 1689 2453 2ηοη

227 2532 310 2578 Cap.
322 2531 443 2566 XLVI.
457 2552 500 2556 —
521 2532 547 2566 1.
562 2531 758 2566 Eustasiani
771 2543 791 2565 a
805 2533 953 2577 quodam
965 2534 1125 2568 Eustasio
1141 2536 1236 2568 codd.
1273 2534 1304 2568 ⁸2.
1318 2535 1576 2580 presby‘trorum
1591 2538 1686 2569 codd.

227 2578 310 2624 Cap.
326 2577 462 2612 XLVII.
478 2597 522 2602 —-
550 2578 578 2610 l.
595 2579 748 2612 tacianos
767 2581 863 2614 codd.

226 2624 309 2670 Cap.
325 2623 379 2658 LI.
396 2644 439 2648 -—
465 2624 493 2656 1.
511 2621 869 2658 Thsesseresdecadite
888 2627 982 2659 codd.

227 2670 309 2716 Cap.
325 2669 393 2704 LII.
411 2690 454 2695 ——-
482 2670 508 2702 l.
533 2668 719 2713 Nictanges
738 2672 834 2705 codd.
854 2671 1086 2716 Heponendum
1106 2677 1187 2716 poto
1204 2670 1373 2715 Nyctaces
1393 2673 1443 2705 rel
1458 2671 1642 2716 Nystaces,
1668 2683 1688 2706 a

137 2714 284 2756 νυστάζω
300 2717 410 2749 verbo.
446 2716 523 2747 Alit
540 2716 710 2747 voluerunt
726 2714 952 2755 Νυστὰζοντες.
993 2717 1042 2760 (ζ’χζ
1061 2718 1186 2750 Isidor.
1219 2718 1273 2750 De
1289 2717 1421 2751 an-les.
1443 2718 1537 2762 Offic.
1557 2719 1608 2751 II.
1627 2718 1686 2753 22.

139 2782 203 2804 „—
220 2762 278 2806 qui
299 2760 490 2807 superfluas
515 2761 762 2794 existimabant
792 2772 906 2795 sacras
930 2763 1065 2807 vigilias
1097 2767 1129 2795 et
1152 2762 1297 2806 spiritali
1330 2764 1425 2808 operi
1446 2764 1687 2805 infructuosas,

137 2807 289 2841 dicentes
306 2808 381 2841 iura
397 2807 557 2840 temerari
575 2806 707 2848 divina,
733 2807 791 2851 qui
815 2811 951 2841 noctem
968 2808 1048 2841 fecit
1065 2808 1105 2840 ad
1124 2809 1292 2852 requiem,
1318 2810 1407 2842 sicut
1426 2809 1515 2842 diem
1533 2809 1575 2843 ad
1595 2811 1687 2844 labo-

137 2864 224 2887 rem:
250 2854 309 2898 qm'
331 2852 493 2887 haeretici
519 2852 648 2886 Graeco
674 2863 831 2886 sermone
855 2853 1047 2898 Nyctages,
1070 2852 1133 2887 hoc
1156 2858 1208 2887 est
1225 2855 1466 2897 somniculosi,
1491 2857 1688 2889 vocantur.’‘

138 2899 206 2932 Pro
223 2899 282 2944 qui
296 2903 433 2933 noctem
451 2898 493 2932 ad
510 2898 663 2942 requiem
681 2898 809 2939 tribuit,
818 2900 932 2942 facile
950 2905 998 2932 est
1014 2911 1172 2943 reponere
1196 2910 1283 2945 quae
1306 2905 1444 2934 noctem
1467 2901 1509 2934 ad
1532 2903 1687 2946 requiem

137 2945 304 2986 tribuunt,
328 2946 396 2986 secl,
414 2952 509 2990 puto,
530 2947 677 2987 ycnuina
703 2945 794 2975 nobi-s
816 2950 847 2977 ct
870 2945 924 2977 laic
951 2951 981 2977 pl
1003 2948 1036 2977 in
1062 2945 1192 2978 Isidori
1209 2952 1342 2989 utroque
1359 2948 1429 2979 loc-o
1446 2954 1584 2980 serrata
1601 2951 1686 2980 scre·-

133 2997 239 3034 ptura
257 2997 314 3031 est,
331 3003 416 3034 quae
432 2991 588 3023 videlicet
598 2991 751 3034 postulat
763 2995 798 3021 nt
813 3002 851 3023 ex
864 2991 974 3023 verbis
987 2990 1101 3023 divina
1113 2991 1187 3024 iura
1199 2998 1372 3036 repetatur
1384 2993 1577 3027 vocabalum
1592 2993 1685 3027 deus.

228 3035 310 3081 Cap.
327 3035 412 3069 LlH.
431 3057 473 3060 —-
503 3036 529 3070 1.
550 3035 678 3069 Zozimi
697 3036 792 3069 codd.
863 3035 894 3068 2.
911 3047 980 3070 uon
999 3038 1214 3070 desideratur
1230 3041 1265 3070 in
1283 3040 1378 3071 codd.
