2052 3374
631 192 832 218 INDICULUS
846 191 897 216 DE
917 191 1161 216 HAERESIBUS.
1594 189 1674 231 287

130 297 226 340 liter
245 298 377 339 mixta
399 298 556 350 omnia,
586 300 627 338 et
656 311 750 338 cum
778 296 853 338 deo
882 296 1035 338 habere
1064 295 1289 336 3naturam.
1341 293 1474 336 Huius
1505 292 1674 334 luminis

130 365 403 422 4particulam
434 366 645 407 detentam
683 364 890 419 quondam
925 379 949 406 a
983 364 1165 406 tenebris
1194 363 1300 405 velle
1332 362 1455 404 deum
1484 361 1676 414 liberare,

131 435 280 489 ⁵quam
303 434 448 476 dicunt
467 435 745 488 Margaritam.
797 434 926 475 Vetus
948 437 1150 488 respuunt
1176 435 1494 482 testamentum3
1522 444 1677 472 novum

131 504 350 558 recipiunt,
370 502 385 527 ⁶
398 501 471 544 sed
494 517 544 544 ex
564 507 691 558 parte.
742 501 1042 557 Blasphemant
1062 500 1305 557 prophetas,
1332 504 1496 541 utentes
1527 513 1676 541 secun-

132 571 231 614 dum
250 571 519 628 pravitatem,
541 571 709 625 Omnes,
732 574 932 625 quotquot
952 574 1046 611 ante
1066 584 1132 611 me
1153 573 1371 623 venerunt,
1392 570 1502 611 fures
1525 572 1623 611 sunt
1640 571 1680 609 et

130 639 348 682 latronesa.

219 709 508 751 Gnosticorum
530 707 716 749 haeresis
740 707 790 749 de
812 707 1062 763 supradictis
1084 707 1339 761 haeresibus,
1360 707 1404 748 id
1425 710 1488 748 est
1507 705 1680 759 Nicolai,

130 776 341 831 Basilidis,
362 778 599 830 Marcionis,
620 776 734 818 velut
754 789 804 817 ex
825 776 1022 817 feralibus
1046 776 1292 831 quibusdam
1312 776 1493 817 malitiae
1512 774 1680 816 semini—

131 846 210 889 bus
231 847 561 902 impurissimum
590 859 739 900 corpus
769 848 958 886 exortum
987 849 1061 886 est.
1108 844 1190 886 Sed
1212 849 1253 885 et
1273 844 1579 897 ¹Manichaeos,
1607 858 1681 898 po-

135 915 330 957 steriores
352 915 451 956 licet
466 919 665 970 tempore,
686 915 730 954 in
747 913 894 954 eadem
912 915 1149 968 impuritate
1164 914 1374 955 invenitur
1390 913 1680 969 praecessisse.

135 983 332 1026 Omnium
362 985 473 1026 enim
503 985 677 1025 istorum
714 981 989 1037 2impuritatis
1019 982 1148 1023 unitis
1179 983 1222 1023 in
1254 996 1296 1023 se
1332 984 1462 1024 utitur
1494 982 1680 1022 venenis.

132 1052 270 1094 Habet
290 1056 507 1108 praeterea
528 1055 569 1093 et
588 1053 778 1107 propriae
799 1050 982 1091 malitiae
1004 1050 1215 1105 aliquanta.
1234 1050 1468 1092 vernacula.
1500 1051 1548 1091 In
1571 1054 1681 1091 cete-

133 1122 191 1163 ris
213 1123 325 1163 enim
345 1120 643 1163 assertionibus
666 1133 761 1161 cum
782 1119 1031 1174 supradictis
1054 1121 1255 1173 congruit,
1278 1124 1416 1161 cetera
1436 1123 1574 1160 autem
1595 1120 1682 1159 eius

136 1191 254 1244 quasi
270 1190 284 1215 3
295 1189 492 1246 specialia
506 1189 608 1231 haec
622 1192 732 1242 sunt,
750 1201 854 1243 quae
866 1188 1085 1229 Irenaeusa
1100 1189 1157 1229 ita
1169 1190 1371 1244 exposuit.
1401 1188 1514 1229 Dicit
1531 1189 1682 1243 quippe

134 1258 237 1300 hacc
258 1258 442 1301 haeresis
464 1260 649 1300 animam
669 1271 754 1299 non
782 1271 973 1312 peccare,
1003 1270 1127 1311 quam
1156 1257 1245 1299 vult
1273 1257 1338 1298 dei
1368 1271 1457 1298 esse
1487 1257 1680 1299 substan-

134 1327 250 1381 tiam,
273 1327 344 1370 sed
363 1342 412 1369 ex
430 1328 636 1369 contraria
661 1330 701 1367 et
726 1325 861 1366 aliena
878 1327 1111 1367 substantia
1127 1325 1362 1368 4assumere
1380 1326 1504 1367 aliam
1521 1328 1683 1367 ae'ream

136 1397 338 1450 animam,
368 1400 410 1437 et
440 1410 588 1452 corpus
616 1399 847 1447 terrenum,
878 1409 1001 1449 quam
1021 1399 1172 1437 vocant
1191 1395 1416 1450 malignam
1439 1399 1479 1436 et
1507 1394 1682 1436 diaboli-

138 1478 243 1518 cam,
266 1468 319 1517 et,
340 1466 432 1521 ipsa
453 1465 551 1506 dum
573 1478 691 1506 suam
713 1465 898 1518 sequitur
918 1468 1132 1517 naturam,
1160 1478 1233 1520 per
1261 1478 1303 1506 56
1334 1478 1482 1519 corpus
1509 1478 1682 1520 peccare

135 1536 368 1585 terrenum3
390 1534 553 1575 5cetera
574 1533 735 1574 animae
766 1531 928 1573 divinae
958 1533 1228 1574 substantiae.
1278 1533 1329 1574 Et
1356 1547 1429 1588 per
1456 1532 1558 1574 haec
1586 1533 1685 1574 facit

137 1600 275 1644 locum
296 1603 382 1644 suis
404 1603 594 1658 turpibus
618 1600 943 1655 execrandisque
964 1603 1187 1656 mysteriis,
1208 1603 1251 1642 in
1274 1602 1421 1657 quibus
1442 1616 1517 1657 per
1533 1603 1682 1644 oratio-

137 1684 235 1712 nem
254 1672 459 1725 magicam
481 1685 648 1712 suorum
668 1671 1000 1712 invocationibus
1021 1672 1151 1712 utitur
1180 1670 1442 1725 angelorum,
1472 1673 1541 1725 qui
1568 1670 1682 1712 6cre-

139 1738 245 1781 ando
265 1753 341 1795 per
362 1739 588 1782 adventum
617 1753 737 1780 suum
767 1738 904 1780 dicata
931 1739 1029 1781 olim
1058 1739 1269 1793 gehennae
1300 1754 1471 1796 corpora
1492 1742 1682 1781 ministe-

136 1808 245 1848 rium
266 1807 496 1862 religiosae,
517 1812 564 1849 ut
585 1808 665 1849 sibi
686 1807 862 1861 videtur,
883 1808 1127 1864 perditionis
1149 1808 1421 1850 inflamment.
1462 1809 1523 1850 De
1547 1813 1682 1851 cetero

137 1876 265 1932 pudet
285 1875 422 1919 dicere
445 1891 569 1932 quam
592 1876 868 1918 execrabilem
890 1877 970 1918 sibi
990 1878 1183 1919 iniuriam
1209 1892 1283 1933 per
1312 1892 1386 1919 sua
1413 1880 1596 1919 inierunt
1617 1892 1683 1920 sa-

139 1950 363 1987 cramenta.
396 1946 616 1988 Praeterea
638 1944 738 1986 haec
762 1959 864 1999 quae
886 1945 1080 1987 videntur
1102 1948 1166 2000 agi
1189 1946 1253 1988 dei
1276 1946 1444 1988 alterius
1466 1936 1685 2002 potestate,

138 2015 367 2056 tonitruum
388 2016 549 2056 sonitus
572 2028 691 2056 voces
715 2014 962 2056 daemonum
983 2029 1073 2056 esse
1097 2016 1349 2069 confingunt.
1380 2016 1537 2057 Dicunt
1560 2017 1685 2057 etiam

138 2083 266 2124 istum
285 2082 513 2137 malignum
536 2083 659 2124 deum
678 2084 942 2125 venientibus
970 2084 1187 2125 animabus
1215 2098 1288 2140 per
1317 2084 1538 2140 dispositas
1568 2087 1686 2139 quasi

138 2149 472 2207 ⁷principatuum
492 2152 664 2193 insidias
687 2152 701 2176 3
710 2151 952 2206 perditionis
974 2152 1142 2207 laqueos
1164 2167 1421 2208 praeparare,
1444 2158 1485 2194 et
1504 2168 1576 2209 per
1598 2156 1683 2195 sin-

139 2219 234 2273 gula
256 2233 441 2274 quaeque
465 2220 672 2262 caelorum
693 2219 783 2261 loca
805 2221 960 2262 eisdem
980 2221 1225 2276 perditionis
1246 2220 1420 2264 9munus
1438 2223 1598 2276 offerre,
1618 2238 1684 2264 as·

142 2289 306 2342 signare
329 2290 453 2329 etiam
475 2288 632 2330 eisdem
655 2288 840 2342 decreta,
865 2303 968 2344 quae
991 2290 1245 2345 compleant,
1267 2292 1408 2346 sicque
1431 2293 1490 2333 eis
1513 2291 1686 2345 caelum,

142 2356 350 2398 caelorum
372 2357 576 2410 cardines,
599 2359 717 2411 signa
738 2362 779 2399 et
799 2359 1009 2413 signorum
1039 2359 1238 2401 circulum
1260 2374 1350 2401 esse
1374 2362 1614 2414 contrarios,
1639 2376 1684 2402 ac

208 2480 239 2515 3.
256 2485 416 2515 naturam
440 2480 541 2515 huius
559 2481 698 2515 luminis
717 2483 907 2516 z‘mllstlnete
925 2486 957 2516 in
983 2485 1060 2518 edit.
1079 2483 1167 2517 Me».
1238 2484 1269 2517 4.
1287 2485 1488 2529 particulam
1508 2485 1645 2518 Coteler.
1664 2486 1685 2517 l.

142 2527 164 2562 l.
189 2528 358 2572 particula
379 2527 467 2560 Men.
560 2527 591 2562 5.
617 2538 721 2571 quam
745 2528 881 2561 Coteler.
906 2530 926 2562 l.
941 2530 962 2562 l.
987 2540 1090 2573 quem
1112 2530 1201 2563 Men.
1296 2530 1325 2562 6.
1344 2530 1402 2563 sed
1421 2530 1559 2565 Coteler.
1575 2532 1596 2565 l.
1617 2532 1637 2565 l.
1654 2536 1686 2563 et

141 2571 230 2606 Men.
256 2573 297 2606 Iu
315 2573 478 2605 Allenardc'
493 2573 578 2606 libro
596 2575 788 2606 indistincte
805 2575 927 2617 leyt'eur
943 2586 987 2608 ex
1003 2580 1100 2619 parte
1120 2574 1369 2619 blasphemant.

210 2617 293 2663 Cap.
311 2618 368 2652 VI.
386 2637 429 2642 —-
462 2618 489 2651 1.
506 2617 729 2651 Manichaeos
748 2631 815 2662 '²9⁰-
845 2619 1039 2654 Manichaei
1055 2621 1143 2653 Men.
1214 2619 1244 2653 12.
1262 2621 1469 2665 impuritatis
1488 2633 1556 2665 eyo.
1574 2622 1684 2666 impu-

142 2663 225 2697 ritas
241 2664 330 2698 Men.
406 2663 437 2697 3.
455 2664 626 2709 specialia.
656 2664 748 2697 Haec
772 2668 853 2698 sunt
875 2667 1046 2698 distinctio
1070 2672 1118 2698 est
1140 2667 1234 2709 apud
1255 2666 1467 2701 Menardam.
1538 2667 1570 2701 4.
1589 2677 1684 2700 assu-

143 2719 246 2743 mere.
270 2709 383 2743 Aliam
401 2711 571 2742 distinctio
589 2716 636 2742 est
651 2711 746 2753 apud
759 2710 847 2744 Men.
924 2711 954 2744 5.
973 2716 1086 2744 cetera
1103 2711 1218 2744 anima
1234 2711 1322 2744 Men.
1340 2712 1685 2756 Rescribeuclumsor-

145 2760 232 2788 tasse
249 2758 400 2788 ceterum
417 2755 580 2788 animam.
651 2754 681 2788 G.
703 2755 943 2799 Imponendum,
962 2760 996 2789 ηι·
1003 2758 1125 2800 fallor,
1143 2757 1338 2790 recreando.
1409 2757 1438 2790 7.
1456 2758 1685 2802 principatum

144 2799 233 2835 Men.
305 2799 336 2834 8.
353 2800 534 2845 perditioni
552 2801 640 2834 Men.
718 2802 748 2834 9.
766 2801 1023 2835 Rescribendum
1033 2804 1185 2846 simtu-ese
1201 2813 1323 2835 manus
1342 2803 1476 2838 inferre.

189 2912 270 2958 Cap.
287 2914 326 2948 V.
345 2934 388 2939 —-
405 2925 435 2948 a.
454 2919 487 2948 et
502 2915 666 2956 latrones]
690 2913 759 2947 Ioh.
774 2913 818 2956 X,
831 2914 862 2949 8.
948 2915 1030 2949 illud
1055 2915 1095 2948 de
1120 2915 1279 2961 opinione
1305 2917 1536 2962 quorundam,
1567 2922 1685 2951 contra

189 2958 270 3004 Cap.
288 2959 343 2994 VI.
357 2980 399 2985 —-
422 2971 452 2994 a.
467 2959 639 3003 Irenaeus]
671 2959 799 2993 Locum
819 2961 877 2994 ubi
947 2961 1125 2994 duodecim
1134 2962 1234 3005 signa
1243 2963 1383 2996 totidem
1392 2962 1600 3007 patriarchas
1610 2974 1685 2997 esse

143 3002 302 3038 Irenaeus
348 3004 429 3038 haec
468 3005 644 3039 tradiderit
688 3004 772 3038 mihi
808 3017 878 3039 non
947 3007 1141 3050 dispositos,
1155 3013 1333 3053 ceteraque
1347 3009 1482 3050 similia,
1501 3019 1588 3053 quae
1602 3020 1684 3055 pau-

145 3051 256 3094 magis
281 3051 487 3096 investigare
516 3051 659 3095 contigit
688 3061 791 3095 quam
821 3052 878 3085 ubi
947 3052 978 3086 lo
997 3051 1083 3086 iufra
1101 3052 1273 3097 leguntur.

1705 713 1772 746 Cap.
1793 713 1840 738 VI.
