2052 3342
207 1610 272 1643 Cap.
292 1611 350 1635 XX.

200 1943 264 1973 cap.
283 1942 354 1968 XXI.

192 2707 256 2739 Cap.
275 2706 362 2732 xxn.

372 255 451 297 278
933 250 1350 277 PSEUDo-TERTULLIANI

373 371 494 412 quam
524 357 605 398 dici
633 355 856 397 Dominum
879 354 997 407 dicit,
1026 354 1098 396 sed
1129 355 1320 407 angelum
1352 356 1480 410 ponit.
1530 354 1640 397 ³Hoc
1666 354 1756 397 vult
1782 354 1914 397 videri

371 425 573 468 mundum
595 425 830 465 institutum
853 423 904 464 ad
928 424 1199 463 imitationem
1225 422 1369 463 mundi
1397 424 1639 478 superioris3
1667 424 1733 465 cui
1759 422 1913 465 mundo

371 493 663 550 permiscuisse
692 493 1013 547 paenitentiam,
1048 493 1143 545 quia
1170 505 1250 532 non
1282 490 1396 532 illum
1425 496 1509 532 tam
1537 492 1715 546 perfecte
1749 492 1916 534 fecisset

373 577 496 618 quam
519 562 585 603 1110
609 563 794 616 superior
815 559 995 601 mundus
1018 561 1232 600 institutus
1256 560 1412 600 suisset.
1462 559 1613 613 Legem
1634 563 1674 600 et
1692 560 1914 615 prophetas

372 632 574 687 repudiat.
629 630 836 671 Christum
858 641 989 682 neque
1012 630 1054 668 in
1077 629 1362 683 phantasmate
1385 627 1486 669 dicit
1506 628 1653 680 fuisse,
1680 629 1788 669 sicut
1806 627 1914 669 Mar-

375 702 480 753 cion,
501 713 633 753 neque
664 700 705 738 in
727 697 959 738 substantia
980 698 1064 738 veri
1095 698 1297 751 corporis,
1324 701 1370 737 ut
1395 695 1652 749 evangelium
1672 695 1813 749 docet,
1843 695 1915 738 sed

373 769 503 817 411100,
530 766 638 822 (1110(1
662 779 683 807 0
705 765 985 821 superioribus
1007 765 1192 821 partibus
1216 765 1499 817 descenderet,
1525 766 1612 819 ipso
1636 764 1839 806 descensu
1859 765 1914 805 si-

374 837 538 878 deream
562 836 641 876 sihi
664 848 831 877 carnem
859 839 899 874 et
921 837 1081 874 aeream
1104 835 1385 874 contexuisse:
1416 833 1525 874 hunc
1547 834 1590 875 in
1618 834 1915 874 resurrectione

373 905 546 957 singulis
570 904 800 958 quibusque
823 902 1039 943 elementis
1069 916 1171 956 quae
1202 904 1242 942 in
1272 901 1473 943 descensu
1502 915 1573 943 suo
1601 905 1789 943 mutuata
1814 901 1915 942 fuis—

375 979 467 1015 sent
489 975 530 1013 in
553 986 728 1013 ascensu
751 971 1003 1024 reddidisse,
1032 975 1073 1010 et
1094 972 1152 1011 sic
1176 969 1374 1025 dispersis
1397 969 1628 1024 quibusque
1650 970 1832 1024 corporis
1854 970 1917 1012 sui

376 1042 562 1097 partibus
585 1043 626 1081 111
650 1040 761 1082 caelo
785 1042 975 1094 spiritum
998 1043 1158 1079 tantum
1180 1038 1423 1080 reddidisse.
1473 1038 1550 1079 Hic
1579 1037 1714 1079 carnis
1735 1051 1916 1079 resurre-

376 1112 555 1151 ctionem
577 1114 711 1160 negat.
763 1108 856 1149 Solo
880 1110 1007 1148 utitur
1029 1111 1069 1148 et
1090 1107 1287 1162 apostolo,
1310 1106 1383 1148 sed
1404 1106 1650 1159 Marcionis,
1679 1106 1723 1147 id
1752 1110 1815 1147 est
1834 1120 1916 1148 non

375 1184 471 1219 toto.
522 1179 764 1219 Animarum
788 1177 968 1217 solarum
992 1175 1090 1217 dicit
1109 1176 1298 1216 salutem.
1343 1175 1479 1216 Habet
1495 1178 1708 1230 praeterea
1722 1175 1918 1229 privatas,

375 1247 445 1287 sed
471 1246 789 1287 extraordinaris
811 1245 1010 1286 lectiones
1033 1258 1142 1297 suas,
1164 1258 1264 1298 quas
1286 1244 1466 1299 appellat
1491 1243 1799 1297 ⁵Phaneroseis,
1818 1243 1916 1285 Phi-

375 1316 562 1356 lumenes
585 1314 798 1356 cuiusdam
816 1313 989 1369 puellae,
1011 1327 1133 1366 quam
1156 1314 1270 1366 quasi
1289 1312 1590 1368 prophetissam
1606 1313 1802 1366 sequitur.
1832 1311 1916 1353 Ila·-

376 1384 446 1425 bet
469 1388 677 1439 praeterea
699 1397 793 1423 suos
816 1383 940 1423 libros
965 1394 1063 1435 quos
1091 1382 1303 1436 inscripsit
1325 1380 1678 1434 syllogismorum,
1698 1381 1742 1421 in
1768 1379 1917 1434 quibus

378 1453 548 1507 probare
570 1452 658 1493 vult
679 1451 785 1506 quod
810 1452 946 1492 omnia
968 1463 1235 1504 quaecunque
1252 1450 1412 1503 Moyses
1431 1449 1479 1490 de
1502 1448 1577 1490 (100
1595 1449 1808 1504 scripserit
1822 1462 1919 1491 vera

375 1535 457 1563 11011
480 1522 576 1573 31111,
598 1521 669 1561 sed
692 1520 795 1560 falsa
816 1521 910 1560 sint.

464 1590 533 1630 llis
562 1589 781 1630 haereticis
811 1588 1002 1629 omnibus
1030 1586 1191 1628 accedit
1217 1586 1417 1627 Tatianus
1446 1585 1614 1640 quidam
1642 1584 1745 1626 alter
1771 1585 1915 1627 haere-

376 1659 495 1700 ticus.
527 1658 604 1699 Hic
626 1657 772 1698 Iustini
794 1657 986 1709 Martyris
1008 1654 1234 1710 discipulus
1256 1654 1350 1705 suit,
1372 1659 1465 1709 post
1484 1654 1593 1696 hunc
1616 1653 1802 1696 ¹diversa
1822 1668 1916 1696 sen-

377 1727 452 1768 tire
476 1728 624 1781 coepit.
656 1726 784 1766 Totus
808 1726 917 1765 enim
934 1724 1161 1765 secundum
1177 1722 1442 1764 Valentinum
1459 1725 1580 1779 sapit,
1601 1722 1784 1765 adiciens
1801 1723 1917 1777 illud,

376 1794 510 1836 Adam
532 1809 607 1836 nec
631 1793 808 1835 salutem
830 1794 1025 1847 consequi
1048 1805 1187 1847 poss-03
1218 1793 1334 1846 quasi
1356 1805 1452 1845 non,
1480 1793 1513 1833 si
1543 1793 1647 1834 rami
1675 1790 1777 1833 salvi
1798 1792 1917 1845 fiunt,

379 1869 419 1904 01
440 1862 555 1904 radix
577 1861 689 1903 salva
710 1862 774 1903 sit.

463 1931 742 1975 Accesserant
769 1929 835 1970 alii
869 1929 1087 1982 haeretici,
1127 1930 1195 1983 (1111
1227 1928 1420 1970 dicuntur
1450 1927 1688 1970 Secundum
1721 1928 1918 1983 Phrygas,

381 1999 455 2041 sed
481 2000 627 2041 horum
654 2013 737 2040 non
764 2013 847 2039 nna
878 1998 1062 2040 doctrina
1091 2002 1165 2039 est.
1215 1998 1322 2039 Sunt
1356 1997 1466 2038 enim
1496 1997 1566 2052 qui
1593 1997 1701 2038 Kata
1726 1997 1918 2040 Proclum

382 2068 593 2120 dicuntur,
625 2072 720 2107 sunt
748 2066 815 2108 alii
845 2068 913 2121 qui
942 2067 1179 2108 Secundum
1208 2066 1458 2108 Aeschinem
1485 2067 1815 2121 pronuntiantur.
1864 2065 1917 2107 Hi

380 2136 535 2178 habent
561 2136 684 2176 aliam
713 2149 972 2177 communem
1000 2135 1319 2190 blasphemiam,
1356 2134 1480 2176 aliam
1500 2134 1804 2190 blasphemiam
1835 2148 1917 2176 non

381 2218 654 2257 communem,
676 2203 749 2245 sed
768 2204 1018 2259 peculiarem
1039 2208 1079 2244 et
1100 2217 1235 2245 suam:
1260 2207 1300 2244 et
1322 2217 1582 2244 communem
1603 2203 1770 2258 quidem
1789 2202 1916 2257 illam,

381 2288 461 2329 qua
481 2275 523 2314 in
539 2272 734 2328 apostolis
753 2272 919 2326 quidem
936 2272 1077 2313 dicant
1093 2273 1284 2327 spiritum
1300 2275 1488 2312 sanctum
1503 2271 1644 2325 fuisse,
1664 2270 1917 2327 paracletum

381 2356 464 2384 non
484 2342 625 2394 fuisse,
647 2345 783 2395 etqua
800 2341 939 2382 dicant
954 2340 1206 2395 paracletum
1221 2340 1340 2395 plura
1354 2341 1398 2380 in
1413 2340 1607 2382 Montano
1625 2339 1778 2382 dixisse
1796 2353 1918 2394 quam

383 2411 591 2452 Christum
617 2411 661 2451 in
688 2409 945 2463 evangelium
972 2409 1212 2463 protulisse,
1242 2423 1318 2450 000
1348 2412 1507 2450 tantum
1533 2408 1672 2464 plura,
1699 2408 1772 2450 sed
1794 2409 1917 2450 etiam

382 2479 552 2520 meliora
571 2482 692 2533 atque
713 2479 880 2519 maiora.
928 2477 1137 2518 Privatam
1164 2481 1302 2518 autem
1322 2476 1623 2532 blasphemiam
1649 2476 1710 2518 illi
1731 2477 1800 2531 qui
1821 2479 1917 2518 sunt

382 2547 490 2588 Kata
514 2546 766 2588 Aeschinem
792 2546 898 2587 hanc
926 2545 1081 2587 habent
1109 2559 1189 2600 qua
1215 2545 1400 2587 adiciunt
1428 2546 1552 2586 etiam
1580 2544 1677 2599 hoc,
1703 2548 1750 2586 ut
1778 2544 1917 2587 dicant

385 2615 593 2656 Christum
612 2616 748 2670 ipsum
770 2627 859 2656 esse
880 2613 1009 2654 filium
1030 2617 1069 2654 et
1090 2618 1260 2669 patrem.

466 2682 539 2725 Est
558 2687 772 2738 praeterea
790 2682 854 2724 his
877 2682 1065 2723 omnibus
1087 2683 1210 2724 etiam
1229 2682 1393 2724 Blastus
1415 2682 1631 2736 accedens,
1653 2682 1722 2736 qui
1741 2680 1915 2722 latenter

383 2751 637 2794 Iudaismum
656 2751 744 2792 vult
762 2750 1033 2792 introducere.
1082 2750 1243 2792 Pascha
1270 2752 1381 2792 enim
1409 2750 1509 2792 dicit
1534 2764 1618 2792 non
1638 2749 1757 2791 aliter
1777 2753 1912 2791 custo-

388 2820 584 2862 diendum
604 2812 708 2873 esse,
729 2821 810 2861 nisi
831 2818 1056 2860 secundum
1077 2818 1208 2872 legem
1226 2819 1357 2874 Moysi
1378 2819 1483 2860 XIV.
1504 2819 1670 2860 mensis
1722 2817 1820 2867 Quis
1841 2831 1912 2859 au-

451 2966 481 3000 3.
500 2966 652 2999 Fuerunt
665 2968 720 3010 qui
727 2965 778 2999 Ab
791 2965 855 2999 hoc
866 2966 1095 3010 corriyendum
1113 2972 1291 3001 censerent.
1324 2967 1374 3000 At
1394 2966 1546 2999 similiter
1567 2975 1672 3008 supra
1690 2974 1766 3008 cap.
1783 2963 1814 2997 4.
1833 2965 1912 3008 leyi-

385 3024 454 3045 mus
471 3023 537 3056 quo
550 3012 701 3046 Mentem
717 3015 875 3046 creatam.
951 3011 982 3045 4.
1000 3011 1102 3055 Vulqo
1119 3011 1154 3045 10
1171 3023 1210 3045 00
1230 3011 1330 3056 quod.
1407 3011 1438 3044 5.
1457 3009 1507 3054 C'f.
1531 3009 1666 3046 Tertull.
1683 3009 1736 3042 De
1751 3009 1910 3044 Praescr.

387 3058 524 3091 Haeret.
543 3069 618 3101 cap.
634 3056 693 3090 30.

477 3101 557 3147 Gap.
569 3102 650 3136 XX.
664 3121 706 3126 ——
735 3102 762 3135 l.
794 3102 896 3146 Vulqo
914 3101 1030 3136 divisa.
