2052 3374
706 229 755 254 DE
775 230 1007 258 HAERESXBUS
1026 232 1147 259 LIBER.

1645 241 1697 282 33

155 323 342 365 ascendit
368 326 411 366 in
441 327 611 371 caelum.
658 333 714 373 At
741 334 799 375 illi
829 335 967 391 cupidi
997 338 1126 392 ipsius
1155 338 1323 380 luminis
1352 339 1474 381 factie
1500 341 1698 384 virtutem

153 391 240 431 eius
255 392 396 434 videre
413 398 656 451 cupiebant3
674 415 756 443 non
767 404 1052 458 praevalentes
1064 410 1203 447 autem
1219 407 1271 449 ad
1289 409 1466 450 invicem
1483 408 1694 452 dixerunt:

150 457 376 502 Faciamus
396 462 596 508 hominem
611 472 835 512 secundum
850 474 1071 527 2'Jizcc927tzenc
1091 482 1128 515 et
1142 477 1452 518 sanilz‘tmlmem
1470 480 1693 521 nostramf.

150 525 201 567 Et
220 527 328 571 facto
350 529 538 587 homine7
568 538 663 590 quia
684 539 888 594 impotens
911 545 1018 594 erat,
1048 542 1197 584 salvari
1220 558 1302 585 non
1324 547 1493 600 potuitg.
1538 547 1694 590 Videns

148 595 285 650 itaque
301 599 432 641 virtus
450 615 628 657 superna
645 607 754 660 quod
774 607 835 648 illi
855 608 932 649 hoc
954 609 1177 664 ⁵secerunt‚
1198 614 1313 653 misit
1333 615 1571 670 scintillam,
1590 630 1692 672 quae

148 667 325 707 correxit
353 666 563 713 hominem
595 677 636 714 et
665 677 882 717 suscitavit
913 681 954 718 et
983 678 1082 719 fecit
1111 679 1230 721 6eum
1260 683 1412 723 vivere.
1459 683 1694 728 Scintillam

145 733 282 788 itaque
298 735 442 778 volunt
458 739 647 795 salvarih,
669 743 773 784 ⁷alia
794 749 932 786 autem
952 747 1174 788 virtutibus
1195 749 1278 790 illis
1297 763 1399 804 quae
1420 752 1608 794 fecerunt
1629 755 1691 796 di-

143 802 253 842 mitti
273 817 320 844 ac
343 804 573 863 derelinqui
594 813 868 866 suspicantur.
908 813 1118 856 Christum
1139 820 1277 858 autem
1297 818 1590 863 umbratiliteri
1616 838 1689 879 ap-

142 872 328 924 paruisse
345 874 573 930 affirmant⁷
589 892 673 920 non
690 894 857 922 carnem
871 881 1050 924 hominis
1068 897 1209 926 veram
1221 890 1261 926 et
1271 888 1453 929 animam
1465 893 1690 946 accepisse,

141 941 263 993 atque
286 955 451 984 omnem
471 947 781 989 oeconomiamk
801 952 990 1004 mysterii
1011 951 1226 995 salvatoris
1248 955 1307 995 ita
1328 955 1593 1012 Sconsiplesse.

253 1008 477 1054 ¹Basilides
488 1019 516 1067 ἃ,
545 1016 616 1069 qui
643 1020 684 1057 et
704 1016 1037 1065 haeresiarchesb
1067 1020 1218 1063 dicitur
1246 1037 1270 1064 a
1296 1024 1460 1080 multis,
1488 1026 1610 1082 2quia
1638 1029 1687 1072 de

228 1097 259 1132 5.
283 1099 437 1135 fecerant
454 1103 498 1136 A.
531 1103 561 1137 6.
580 1105 672 1139 enim
691 1118 718 1140 c.
753 1107 783 1141 7.
802 1108 907 1142 aliam
924 1110 968 1143 A.
1001 1110 1031 1144 8.
1050 1112 1278 1157 complevisse
1296 1114 1361 1148 Ah.

227 1143 308 1190 Cap.
325 1146 474 1182 XXXII.
491 1151 527 1182 in
544 1149 650 1185 Bahc.
668 1155 866 1198 inscriptum
883 1155 1194 1193 lzahetssismnsss.
1209 1179 1253 1185 --
1280 1159 1307 1193 1.
1325 1160 1408 1195 Post
1419 1161 1503 1197 istos
1515 1162 1685 1201 Basilides

137 1189 196 1234 qui
213 1190 258 1224 A.
290 1190 321 1224 2.
339 1193 397 1237 qui
415 1194 458 1227 A.

136 1291 196 1313 πον
226 1283 430 1325 πεποιηκέναι
461 1284 543 1319 κατὰ
573 1286 628 1330 τὴν
659 1289 785 1335 μορφὴν
817 1294 874 1324 τοῦ

135 1323 254 1359 ἄνωθεν
271 1329 520 1375 παρακύψαν-τος
531 1334 670 1377 φωτός.”
694 1335 745 1369 Ita
757 1337 874 1382 legen-

133 1371 216 1406 dum
226 1384 288 1418 pro
301 1376 356 1417 τῆς
370 1372 489 1409 ἄνωθεν
502 1379 736 1425 παρακυψὰσης
755 1385 871 1426 φωνῆς.

133 1417 242 1452 Nemo
259 1419 315 1453 cui
326 1424 457 1456 veteres
477 1423 610 1458 codices
630 1426 775 1471 inspecti
793 1434 873 1462 sunt

132 1463 285 1508 ignorat,
317 1467 575 1503 terminationes
607 1481 730 1505 vocum
763 1474 872 1507 solere

133 1510 280 1554 exprimi
291 1521 352 1556 per
364 1513 536 1547 scribendi
549 1517 762 1561 compendia,
779 1520 870 1553 unde

132 1565 201 1588 non
218 1556 345 1590 mirum
357 1557 508 1592 admissa
519 1560 608 1594 falsa
620 1562 765 1597 lectione
778 1565 872 1598 vocis

132 1602 238 1644 φωνῆς
261 1613 324 1646 pro
349 1603 456 1647 φωτὸς
485 1606 590 1640 etiam
617 1612 788 1642 mutatum
813 1613 870 1643 τοῦ

130 1645 165 1679 in
183 1648 238 1689 τῆς
255 1651 288 1681 et
304 1649 554 1695 παρακύψαντος
571 1652 607 1686 in
624 1653 868 1699 παρακυψάσης,

130 1694 148 1732 (
148 1691 182 1724 F
181 1693 272 1734 abr.)

157 1748 185 1771 e.
206 1737 303 1782 facti]
312 1738 406 1774 Idem
414 1740 641 1787 Epiphanius:
654 1743 779 1788 ,ἐπειδὴ
795 1745 868 1792 γὰρ,

153 1783 234 1828 ησὶν,
258 1781 377 1818 ἄνωθεν
405 1786 442 1818 τὸ
472 1787 550 1820 αὐτὸ
580 1791 647 1833 φῶς
676 1792 869 1837 παρακύψαν

144 1828 292 1874 ρεθισμόν
311 1842 379 1864 τινα
391 1829 552 1876 ἐνεποίησε
569 1837 635 1873 τοῖς
650 1835 758 1875 αὐτοῖς
772 1836 868 1882 ἀγγέ-

127 1873 212 1919 λοις,
229 1875 363 1915 τούτους
387 1877 467 1922 πρὸς
485 1879 586 1911 πόθον
610 1883 667 1913 τοῦ
691 1878 756 1914 ἄνω
776 1880 866 1927 ὁμοι-

127 1919 154 1951 ώ
183 1932 257 1959 ατος
292 1919 490 1968 ἐπιχειρῆσαι
528 1928 585 1958 τοῦ
626 1925 796 1971 ἀνθρώπου
828 1929 864 1962 τὸ

126 1975 149 1997 π
173 1963 262 2010 άσμα
278 1969 440 2010 ποιῆσαι.”
487 1970 562 2012 (F.)

176 2011 200 2044 f.
225 2012 485 2048 similitudinem
502 2019 671 2060 nostram]
709 2018 782 2052 Nisi
805 2031 862 2053 vo-

125 2057 287 2091 cabulum
297 2065 444 2093 nostram
457 2054 611 2095 additum
620 2068 670 2096 est
687 2068 725 2097 ut
741 2065 775 2098 in
790 2066 862 2110 qui-

125 2102 270 2137 busdam
281 2103 413 2138 Irenaei
424 2106 599 2141 codicibus
614 2113 646 2141 et
659 2108 862 2145 Theodoreti

124 2148 167 2181 ab
191 2149 305 2182 aliena
326 2161 448 2192 manu,
472 2151 639 2187 Philaster
663 2156 787 2188 erravit
804 2157 862 2200 qui

123 2192 187 2226 hoc
209 2193 378 2229 adiunxit.
416 2196 505 2231 Nam
529 2198 734 2233 Saturninus
757 2203 861 2235 verba

123 2239 177 2272 dei
194 2238 318 2274 Genes.
334 2241 359 2274 1.
377 2241 430 2275 26.
447 2243 496 2276 ita
517 2244 637 2277 tribuit
649 2247 799 2289 angelis,
822 2252 861 2281 ut

122 2287 288 2319 statueret
308 2297 366 2320 eos
390 2286 565 2322 hominem
592 2301 661 2323 non
684 2291 725 2324 ad
750 2303 858 2335 suam,

122 2329 181 2362 sed
197 2330 240 2363 ad
256 2331 343 2366 lueis
359 2333 452 2366 illius
470 2338 503 2367 et
525 2346 705 2379 supremae
722 2337 857 2372 virtutis

120 2374 310 2420 imaginem
339 2378 547 2421 condidisse,
576 2381 692 2425 itaque
724 2386 858 2418 tantum

121 2421 272 2466 scripsit:
293 2423 497 2469 ᾖποιήσωμεν
508 2423 676 2470 ἄνθρωπον
691 2428 760 2460 κατ’
774 2427 838 2462 εἰκό

121 2477 159 2497 να
176 2465 228 2499 καὶ
245 2467 316 2500 καθ’
333 2465 525 2513 ὁμοίωσιν,”
550 2475 583 2504 et
599 2470 754 2524 ἡμετέραν
772 2475 856 2508 omi-

121 2511 174 2552 sit,
191 2516 230 2545 ut
246 2512 371 2547 diserte
383 2518 528 2549 testatur
537 2516 761 2561 Epiphanius.
778 2520 854 2562 (F.)

172 2567 206 2611 g.
231 2558 359 2592 salvari
381 2571 451 2594 non
500 2562 599 2604 otuit]
626 2562 852 2618 Epiphanius:

122 2600 194 2643 „Bion
210 2601 247 2635 τὶ)
266 2602 372 2636 αὐτῶν
389 2572 573 2683 Ἂάγγῖλων)
591 2606 721 2652 ἀδρανες
739 2608 781 2654 μὴ
801 2610 855 2643 δύ-

119 2647 232 2680 νασθαι
247 2646 344 2682 ἀυτον
357 2661 389 2682 τε
414 2662 449 2684 ers
475 2654 600 2696 ορῆσαι,
618 2654 738 2686 κεῖσθαι
755 2653 789 2687 δὲ
803 2656 854 2689 καὶ

119 2692 276 2737 σκαρίζειν
292 2694 397 2740 χαμαὶ
414 2698 576 2741 κειμενον”
589 2703 652 2731 etc.
676 2698 852 2735 Irenaeus:

121 2741 196 2781 „qui
211 2743 413 2784 cumfactus
430 2749 528 2784 esset,
555 2750 586 2775 et
611 2756 670 2776 nnn
691 2748 855 2788 potuisset

118 2785 205 2826 eriyi
214 2785 351 2828 plasma
362 2794 504 2832 propter
518 2790 773 2823 1'1tthe(⁶1'll1'tatc›n
792 2805 851 2825 (ιη-

116 2829 279 2871 9είονιιηι,
303 2833 513 2866 miserantem
531 2837 600 2866 eius
623 2836 763 2879 ‹lo-snper
784 2841 850 2870 rir-

118 2878 230 2915 tutem,
259 2879 415 2919 quoniam
442 2881 478 2911 in
505 2881 752 2914 similitude'nem
783 2885 851 2916 eius

118 2925 202 2952 esset
220 2922 356 2964 filetus,
389 2926 534 2957 emisisse
556 2927 736 2958 scintillam
760 2930 850 2961 ritae

118 2975 201 3006 qnae
224 2969 330 2999 erescit
351 2967 509 3001 hominem
539 2977 570 3001 et
593 2973 793 3004 articulari!
820 2980 852 3006 et

117 3011 848 3069 viveresecit.”Epiph.„z=]Cn›oY¹3vme.”Theo-

118 3052 222 3088 doret.
241 3060 318 3098 „teil
328 3056 362 3090 δὲ
372 3058 560 3104 πλασματος
578 3059 786 3105 ἀνορθοῦσῦαι
805 3063 847 3108 μὴ

945 1293 1132 1339 δυναμένου,
1148 1293 1233 1329 ἀλλὰ
1246 1295 1415 1341 σκώληκος
1430 1299 1519 1344 δίκην
1533 1299 1684 1347 ἑρπύζον-

943 1351 1015 1381 τος,
1047 1339 1247 1386 οἰκτείρασα,
1279 1344 1374 1388 φησὶν
1386 1372 1393 1384 ,
1419 1345 1438 1388 ἡ
1469 1346 1534 1380 θεία
1552 1349 1683 1395 δύναμις

943 1385 1027 1428 ζωῆς
1047 1387 1202 1432 σπινθῆρα
1219 1389 1429 1435 κατέπεμψεν,
1448 1392 1500 1424 καὶ
1513 1393 1568 1426 τὀν
1586 1393 1682 1439 ἀτελῆ

943 1427 998 1463 ἄνθ
1022 1444 1111 1464 ωπον
1129 1431 1421 1480 ἐτελεσιούργησε.”
1467 1438 1542 1481 (F.)

1001 1443 1032 1509 h.
1056 1477 1248 1513 Scintillam
1271 1480 1388 1525 itaque
1404 1483 1525 1518 volunt
1540 1486 1680 1531 salvari]

939 1520 1134 1556 Scintillam
1151 1525 1302 1558 animam
1332 1527 1486 1573 intellige
1511 1541 1614 1575 quam
1639 1534 1680 1566 ad

942 1566 1043 1601 deum
1060 1569 1168 1602 redire
1186 1570 1331 1604 docebat
1355 1572 1577 1618 Saturninus,
1603 1579 1679 1612 reli-

941 1624 1048 1656 quum
1060 1613 1210 1648 hominis
1222 1616 1360 1651 interire
1374 1629 1412 1652 ac
1431 1619 1582 1655 dissolvi.
1599 1623 1678 1657 Ter-

940 1659 1012 1692 tull.
1029 1685 1042 1697 ,,
1051 1662 1143 1692 euius
1152 1662 1256 1694 lumen
1268 1664 1393 1697 illudet
1401 1667 1550 1699 virtutem,
1564 1671 1678 1702 miser-

939 1709 1006 1736 tam
1016 1705 1073 1750 (ita,
1087 1705 1164 1750 lege
1176 1718 1238 1751 pro
1256 1711 1536 1757 miseriem-sliam)
1550 1717 1678 1747 scintil-

939 1750 1006 1782 lam
1022 1752 1154 1784 saluam
1171 1754 1257 1794 esse)
1269 1761 1381 1788 cetera
1396 1755 1537 1790 hominis
1547 1763 1674 1803 perire.

938 1795 1225 1831 Resurrectsonem
1251 1803 1367 1833 carni-s·
1391 1803 1477 1835 nullo
1500 1806 1594 1838 modo
1615 1809 1675 1850 su-

936 1846 1045 1874 turam
1069 1843 1167 1876 esse.”
1214 1844 1289 1885 (F.)

980 1887 1001 1919 i.
1027 1888 1267 1933 umbratiliter]
1294 1889 1382 1924 Κατὰ
1403 1892 1545 1939 δόκησιν,
1563 1900 1597 1929 et
1611 1908 1673 1942 pu-

934 1932 1048 1966 tative.
1073 1934 1212 1968 Tertull.
1232 1936 1421 1976 „Christum
1436 1942 1471 1972 in
1485 1942 1674 1977 substantia

935 1981 1086 2022 corporis
1099 1983 1288 2024 nonfize‘sse‚
1306 1989 1338 2015 et
1342 1983 1586 2028 phantasmate
1599 1995 1672 2022 tan-

933 2028 998 2055 tum
1016 2028 1114 2068 quasi
1124 2038 1262 2070 passum
1270 2030 1412 2071 suisse.''
1435 2030 1529 2065 Idem
1546 2033 1587 2066 de
1610 2034 1671 2068 Sa-

931 2070 1068 2102 turnino
1082 2070 1253 2113 Irenaeus,
1271 2073 1494 2119 Epiphanius,
1517 2077 1670 2113 Theodo-

930 2118 1022 2147 retus
1040 2119 1073 2148 et
1090 2117 1158 2150 alii.
1206 2118 1281 2160 (F.)

981 2158 1013 2193 k.
1046 2172 1184 2196 omnem
1220 2166 1471 2210 oeconomiam]
1508 2168 1667 2204 Incarna-

928 2205 1057 2239 tionem
1074 2212 1107 2240 et
1125 2219 1350 2254 quaecunque
1364 2211 1517 2247 Christus
1531 2216 1584 2248 vel
1598 2218 1669 2261 egit

928 2251 981 2283 vel
997 2262 1121 2296 passus
1139 2258 1191 2287 est
1209 2257 1317 2289 nostri
1335 2267 1468 2299 caussa,
1486 2258 1550 2293 hoc
1568 2273 1665 2296 oeco-

927 2297 1063 2331 nomiae
1079 2300 1247 2333 vocabulo
1264 2306 1395 2336 veteres
1412 2305 1595 2349 scriptores
1612 2320 1664 2341 so-

924 2341 996 2377 lent
1012 2344 1202 2388 complecti.
1225 2346 1310 2380 Vide
1327 2347 1366 2380 B.
1380 2348 1420 2381 Ι).
1437 2349 1532 2384 Eliae
1545 2353 1664 2386 'Veielii

925 2390 958 2419 et
984 2387 1031 2421 Io.
1053 2388 1201 2435 Philippi
1231 2391 1369 2426 Pfeiferi
1396 2395 1590 2439 singulares
1623 2399 1664 2431 ‹le

924 2430 987 2466 hac
1004 2444 1087 2467 voce
1104 2435 1371 2471 dissertationes.
1412 2440 1542 2475 Ducaei
1561 2448 1661 2476 notas

923 2477 966 2510 ad
983 2478 1157 2524 Chrysost.
1175 2482 1212 2515 T.
1226 2482 1312 2515 VIII.
1331 2483 1435 2518 Savil.
1452 2498 1483 2531 p.
1497 2486 1574 2521 372.
1599 2489 1661 2522 Ca-

922 2524 1116 2559 saubonum
1148 2526 1191 2559 ad
1218 2527 1366 2571 Nysseni
1393 2530 1499 2576 Epist.
1526 2545 1558 2578 p.
1588 2535 1659 2567 105.

922 2568 1129 2605 Vulcanium
1147 2572 1189 2605 ad
1207 2572 1322 2617 Cyrill.
1340 2586 1372 2621 p.
1395 2576 1466 2610 116.
1494 2578 1657 2612 Grabium

923 2614 964 2646 ad
981 2614 1161 2651 Irenaeum
1170 2629 1209 2680 p.
1227 2619 1303 2652 419.
1337 2621 1499 2656 Gataker.
1524 2625 1565 2656 ad
1590 2626 1658 2658 An-

920 2660 1078 2695 toninum
1107 2674 1140 2707 p.
1165 2662 1198 2696 b‘
1209 2664 1241 2697 Ο.
1277 2664 1492 2702 Thesaurum
1527 2669 1659 2703 Suiceri

920 2708 982 2738 etc.
1030 2707 1106 2748 (F.)

965 2750 1046 2796 Cap.
1062 2753 1212 2788 XXXII.
1230 2775 1273 2780 —
1290 2766 1320 2789 a.
1336 2756 1520 2801 Basilides]
1542 2759 1657 2792 Liceat

918 2795 1051 2830 mihiad
1065 2798 1302 2834 illustrandam
1316 2802 1418 2836 istam
1431 2803 1655 2838 Basilidiano-

918 2851 994 2874 rum
1011 2841 1336 2890 haeresimproferre
1350 2848 1514 2882 ineditam
1528 2851 1653 2884 sumini

917 2886 1653 2939 ViriNicolaiClaudiiPeiresckiiepistolam,

918 2941 1019 2975 quani
1031 2933 1112 2967 mihi
1125 2937 1321 2981 suppeditat
1334 2950 1396 2971 ms,
1406 2940 1513 2972 codex
1528 2941 1650 2984 episto-

917 2977 1027 3010 larum
1047 2979 1199 3014 eiusdem
1224 2983 1403 3016 clarissimi
1423 2985 1580 3026 auctoris,
1607 2997 1650 3020 ex

916 3021 1123 3057 bibliotheca
1157 3025 1425 3061 Eminentissinli
1462 3030 1650 3065 Cardinalis

917 3066 1049 3107 Quirini
1068 3069 1156 3104 bono
1171 3072 1357 3107 litterarum
1372 3075 1458 3107 nati:
1477 3074 1589 3111 Lettre
1604 3077 1648 3111 du

1383 3129 1403 3161 3

1713 1028 1779 1061 Cap.
1799 1030 1912 1057 XXXIL
