2052 3374
641 189 691 215 DE
711 186 946 214 HAERESIBUS
965 185 1162 212 LIBELLUS.
1595 182 1673 223 33]

124 296 316 337 haeresin
337 299 558 336 sectantes.
609 295 663 335 Hi
689 307 826 335 amore
858 292 1044 345 martyrii
1066 291 1312 346 semetipsos
1340 288 1605 340 interimunt,
1634 289 1679 327 ut

123 369 326 419 martyres
347 365 625 405 nominentur.

207 433 549 474 Priscillianistae
571 447 594 472 a
616 431 874 472 Priscilliano
897 431 1090 484 episcopo
1113 429 1261 469 vocati.
1312 427 1389 468 Hic
1412 428 1455 467 in
1476 426 1679 480 Hispania
1703 433 1768 465 Cap·
1789 432 1870 457 LXX·

125 516 175 543 ex
194 501 356 543 haeresi
378 501 669 543 Gnosticorum
697 503 738 540 et
757 498 1093 540 Manichaeorum
1113 497 1365 553 permixtum
1394 495 1544 550 dogma
1565 507 1677 536 com-

123 572 273 626 posuit.

174 652 179 653 ⁷
207 639 460 681 Luciferiani
481 653 505 679 a
525 637 712 680 Lucifero
745 635 985 678 ¹Sardiniae
1015 636 1207 690 episcopo
1231 635 1375 675 exorti.
1426 633 1481 674 Hi
1508 634 1551 674 in
1579 633 1678 674 hae·
1705 650 1888 683 Cap.LXX1.

124 709 252 749 resim
279 707 418 763 lapsos
450 711 491 749 et
511 711 657 762 postea
677 705 729 747 ad
759 704 1005 746 catholicam
1033 703 1253 744 ecclesiam
1275 716 1463 744 reversos
1495 702 1678 757 recipere

124 776 285 818 nolunt.

206 845 503 886 Iovinianistae
526 859 549 885 a
570 845 782 885 Ioviniano
813 842 993 897 quodam
1018 840 1220 882 monacho
1244 840 1356 882 dicti.
1406 840 1461 881 Hi
1489 844 1683 880 asserunt
1707 857 1772 889 cap.
1793 857 1906 882 Lxxn.

124 913 283 955 nullam
303 913 547 955 distantiam
569 926 660 954 esse
680 913 789 953 inter
811 912 984 966 ¹nuptas
1008 914 1048 951 et
1071 911 1264 963 virgines,
1292 910 1401 949 inter
1422 909 1681 949 abstinentes

127 987 170 1023 et
189 981 420 1038 epulantes.

208 1050 448 1092 Helvidiani
469 1051 521 1092 ab
542 1050 733 1091 Helvidio
756 1048 935 1104 quodam
956 1047 1198 1103 presbytero
1219 1048 1437 1088 nominati.
1468 1046 1521 1087 Hi
1539 1045 1683 1086 dicunt
1707 1057 1774 1090 Cap.
1793 1057 1922 1082 Lxxm.

126 1120 303 1161 Mariam
323 1119 427 1160 alios
448 1119 554 1160 filios
575 1124 671 1174 post
690 1122 835 1159 natum
858 1117 1069 1158 Christum
1091 1116 1140 1157 de
1162 1115 1313 1170 Ioseph
1333 1116 1559 1170 peperisse.

209 1188 450 1229 Paterniani
477 1201 501 1228 a
529 1187 707 1228 Paterno
742 1185 920 1241 quodam
951 1186 1094 1226 exorti.
1164 1184 1218 1225 Hi
1248 1184 1466 1225 inferiores
1498 1184 1681 1238 corporis
1707 1195 1773 1227 Cap·
1794 1195 1916 1219 LXXIV-

123 1260 263 1313 partes
285 1270 310 1297 a
332 1255 495 1298 diabolo
519 1255 662 1297 dicunt
683 1256 825 1297 factas.

208 1325 379 1367 Arabici
406 1325 457 1367 ab
494 1325 648 1366 Arabia
682 1325 896 1380 provincia
927 1322 1040 1364 dicti.
1096 1322 1151 1363 Hi
1178 1322 1361 1362 animam
1389 1335 1483 1362 cum
1512 1334 1680 1376 corpore
1706 1333 1772 1365 rap.
1793 1333 1900 1357 Lxxv.

124 1396 232 1436 mori
251 1399 293 1436 et
312 1398 535 1449 utrumque
558 1395 602 1435 iu
623 1395 848 1435 novissimo
872 1392 937 1434 die
959 1404 1173 1445 resurgere
1195 1394 1399 1431 asserunt.

210 1463 549 1504 Tertullianistae
571 1477 595 1503 a
616 1462 871 1503 Tertulliano
889 1461 1054 1502 Africae
1071 1460 1322 1515 provinciae,
1345 1459 1682 1512 Carthagine-usis
1708 1471 1774 1502 Cap·
1794 1471 1920 1495 LXXVI-

127 1533 305 1574 civitatis
334 1531 576 1587 presbytero
605 1531 715 1572 dicti.
767 1531 820 1571 Hi
851 1531 1035 1570 animam
1060 1542 1144 1570 non
1165 1527 1463 1580 immortalem⁷
1495 1527 1569 1568 sed
1591 1542 1681 1569 cor-

125 1614 296 1656 poream
315 1600 580 1656 praedicant,
612 1601 770 1640 animas
792 1602 1056 1654 peccatorum
1076 1601 1169 1653 post
1189 1601 1364 1638 mortem
1385 1598 1426 1637 in
1459 1596 1682 1638 daemones

127 1671 312 1712 converti
332 1670 555 1711 affirmant.

211 1738 604 1780 Tessaradecaditae
635 1752 658 1777 a
679 1736 991 1791 quatuordecim
1020 1735 1138 1785 dicti3
1166 1733 1339 1791 τέσσαρα.
1361 1734 1473 1775 enim
1496 1738 1683 1788 quatuor,
1709 1746 1774 1778 rap.
1796 1746 1934 1771 Lxxvn.

127 1800 226 1848 δέκα
247 1807 398 1848 dicitur
420 1806 576 1848 decem.
614 1806 668 1847 Hi
688 1805 843 1860 pascha
865 1803 1174 1859 quartadecima
1194 1803 1292 1844 luna
1314 1817 1408 1844 cum
1429 1803 1592 1844 Iudaeis
1615 1817 1682 1845 ce-

126 1875 356 1918 lebrabant.

210 1945 417 1999 Nyctages
444 1959 468 1984 a
496 1957 639 1985 somno
671 1943 735 1983 vel
768 1957 790 1983 a
820 1946 940 1983 nocte
968 1943 1116 1982 vocati.
1174 1941 1227 1982 Hi
1254 1941 1418 1995 vigilias
1454 1941 1588 1982 noctis
1617 1955 1681 1982 re-
1709 1953 1774 1985 cap.
1795 1953 1947 1978 Lxxvm.

126 2018 295 2070 spuunt,
317 2013 504 2054 dicentes
525 2018 688 2053 noctem
714 2011 765 2052 ad
787 2012 969 2065 requiem
992 2010 1142 2052 (latam.

210 2081 423 2135 Pelagiani
444 2096 468 2122 a
487 2080 653 2134 Pelagio
677 2079 853 2134 quodam
874 2079 1076 2120 monacho
1100 2081 1242 2121 exorti.
1294 2079 1347 2119 Hi
1368 2079 1544 2120 liberum
1565 2079 1683 2120 arbi*
1709 2091 1773 2123 Cap·
1794 2091 1916 2115 LXXIX&

126 2153 252 2192 trium
273 2151 426 2204 gratiae
450 2149 515 2190 dei
538 2153 808 2203 anteponunt.
831 2148 1017 2189 (licentes
1039 2148 1229 2189 sufficere
1254 2147 1508 2189 voluntatem
1530 2148 1584 2189 ad
1603 2150 1680 2189 im-

126 2218 280 2274 plenda
302 2218 444 2259 divina
464 2219 590 2258 iussa.

210 2287 445 2329 Nestoriani
468 2301 491 2326 a
511 2286 700 2327 Nestorio
730 2285 1187 2341 Constantinopolitano
1205 2288 1411 2348 ‘episcopo
1441 2288 1680 2342 nuncupati.
1708 2297 1773 2329 Cap·
1794 2297 1900 2322 [ΧΠ-

126 2356 181 2398 Hi
202 2360 389 2397 sanctam
409 2355 582 2395 Mariam
603 2368 687 2395 non
710 2354 789 2407 dei,
812 2354 885 2395 sed
911 2355 1091 2396 hominis
1112 2359 1275 2396 tantum
1296 2356 1540 2409 genitricem
1561 2369 1680 2410 prae—

128 2425 287 2476 dicant,
316 2423 439 2464 aliam
460 2436 680 2477 personam
703 2424 862 2475 carnis,
892 2423 1015 2464 aliam
1038 2423 1202 2464 deitatis
1221 2424 1435 2476 facientes,
1456 2437 1531 2464 nec
1554 2438 1683 2464 unum

129 2493 340 2534 Christum
361 2494 405 2532 in
426 2491 554 2532 verbo
577 2495 617 2532 et
640 2505 777 2544 carne,
800 2492 872 2533 scd
894 2491 1020 2533 alium
1043 2492 1174 2533 filium
1197 2491 1275 2532 clei.
1306 2491 1431 2532 alium
1456 2491 1585 2533 {ilium
1607 2492 1680 2533 ho-

127 2563 251 2602 minis
273 2561 493 2601 affirmant.

211 2627 459 2683 Eutychiani
481 2628 532 2669 ab
562 2627 769 2681 ¹Eutyche
798 2629 1256 2683 Constantinopolitano
1285 2628 1435 2669 abbate
1462 2629 1520 2668 ita
1545 2630 1679 2670 nomi·
1707 2639 1772 2672 Cap·
1795 2640 1915 2666 LXXXI·

128 2699 227 2739 nati.
276 2698 330 2738 Hi
350 2700 504 2750 negant
525 2698 568 2736 in
590 2695 752 2737 Christo
776 2698 878 2739 duas
900 2701 1069 2737 naturas
1092 2710 1203 2748 esse,
1235 2696 1307 2737 sed
1336 2696 1465 2737 solam
1496 2696 1681 2738 divinam

127 2768 171 2808 in
193 2780 238 2808 eo
256 2770 351 2822 post
370 2769 628 2820 assumptam
650 2777 829 2817 carnem,
851 2764 1013 2806 scilicet
1035 2778 1201 2805 carnem
1230 2766 1270 2805 in
1301 2764 1497 2806 deitatem
1518 2779 1680 2808 versam

129 2834 384 2889 praedicant.

197 2957 280 3003 Gap.
297 2957 422 2992 LXXI.
441 2977 483 2982 —
504 2958 531 2990 l.
559 2957 661 2999 1⁷11th
679 2956 846 2990 Smirnae.

198 3003 281 3049 Cap.
298 3003 440 3038 LXXH.
460 3023 503 3028 -
524 3003 550 3036 1.
577 3003 681 3046 Vulgo
699 3003 847 3047 nuptias.

197 3048 278 3094 Cap.
295 3048 459 3083 LXXXI.
479 3069 521 3074 —
541 3049 570 3083 1.
596 3047 697 3092 Vutqo
715 3047 914 3092 Eutychete.
