2052 3342
250 1131 314 1158 (2³11.
334 1128 380 1152 LI.

235 1337 300 1365 t'np.
323 1334 380 1358 LII.

227 1885 291 1913 Cap.
312 1883 382 1908 LIII.

411 198 434 236 2
441 197 489 236 12
1085 191 1286 218 Aue-usum

410 299 559 348 tacuit,
587 301 628 337 ct
649 310 722 349 ogo
745 308 794 336 ex
816 308 954 336 eorum
983 294 1230 349 quibusdam
1252 297 1416 351 scriptis
1438 298 1480 336 et
1499 295 1841 338 collocutionibus
1862 307 1951 337 cer-

411 367 567 405 tissimo
591 365 784 419 comperi.
837 363 1100 418 Robaptizari
1130 377 1291 417 quoque
1319 363 1371 404 ab
1399 363 1463 404 his
1492 364 1714 407 catholicos
1742 365 1950 413 novimus3

411 438 544 473 utrum
567 440 605 472 et
629 447 708 473 non
733 432 970 484 catholicos,
992 434 1143 473 nescio.
1360 421 1364 427 ⁵

495 501 736 544 ¹Yadiauos.
758 515 859 555 quos
882 500 1083 555 appellat,
1104 500 1358 555 Epiphanius
1381 500 1680 555 schismaticos,
1702 515 1785 543 non
1808 500 1951 541 haere-

408 571 510 610 ticos
534 570 619 609 vult
643 570 785 610 videri.
836 570 916 610 Alii
942 573 1091 609 vocant
1113 569 1578 624 Antliropomorphitas,
1607 571 1802 624 quoniam
1831 568 1953 609 deum

408 638 485 679 sibi
513 642 668 682 tin-:unt
693 639 939 691 cogitatione
964 637 1118 678 carnali
1142 639 1182 677 in
1205 637 1520 678 similitudinem
1548 637 1727 679 hominis
1749 638 1952 692 corrupti-

410 707 517 757 bilis,
541 706 644 760 quod
671 708 888 747 rusticitati
913 720 1052 747 eorum
1074 705 1219 746 tribuit.
1240 705 1517 760 Epiphanius,
1540 719 1713 761 parcens
1735 707 1795 747 eis
1816 719 1867 746 ne
1891 705 1952 746 di-

408 782 552 815 cautur
576 775 784 815 haeretici.
836 774 913 815 Eos
936 780 1073 815 autem
1097 787 1311 828 separasse
1335 786 1378 814 se
1401 773 1502 815 dicit
1523 788 1547 814 a
1568 775 1856 816 communione
1877 787 1952 814 no·-

409 849 491 884 stra
514 843 720 898 culpando
743 845 955 898 episcopos
979 843 1142 893 «invitos,
1165 847 1205 882 et
1226 842 1381 898 pascha
1403 856 1495 883 culn
1512 843 1674 884 ludaeis
1692 840 1952 884 celebrando.

408 913 603 962 Quamvis
625 914 707 952 sint
731 914 798 965 qui
823 925 890 953 eos
915 913 955 953 in
977 912 1164 965 Aegypto
1187 910 1385 951 ecclesiae
1409 911 1634 953 catholicae
1653 912 1953 953 communicare

407 985 657 1021 asseverent.
693 981 750 1021 De
773 980 1032 1021 Photinianis
1055 983 1206 1031 autem,
1229 994 1329 1033 quos
1352 981 1429 1021 isto
1453 979 1540 1022 loco
1562 979 1818 1036 Epiphanius
1841 992 1952 1021 com-

405 1054 620 1093 memorat,
644 1051 723 1089 iani
747 1050 935 1103 superius
958 1050 1058 1089 satis
1082 1048 1241 1089 locutus
1264 1062 1367 1089 sum.

510 1118 788 1158 Semini-iuncis
824 1117 1080 1172 Epiphanius
1124 1116 1224 1157 dicit
1260 1118 1326 1171 qui
1365 1117 1512 1157 similis
1549 1118 1753 1158 essentiae
1790 1115 1955 1158 ¹dicunt

408 1187 551 1228 filiuni.
574 1197 772 1240 tanquam
794 1199 874 1226 non
901 1185 1042 1240 plenos
1063 1185 1260 1234 Arianos3
1284 1187 1402 1239 quasi
1423 1185 1568 1227 Ariani
1589 1199 1666 1227 nec
1688 1184 1867 1227 similem
1882 1197 1952 1227 ve-

408 1255 497 1297 lint.
520 1269 613 1296 cuni
635 1255 707 1295 1101·
732 1254 976 1295 Eunoiniani
1000 1253 1136 1294 dicere
1160 1253 1432 1294 celebrentur.

490 1323 773 1366 Macedoniani
798 1327 891 1362 ¹<unt
915 1336 935 1363 a
960 1321 1236 1373 1Macedonio,
1255 1336 1354 1376 quos
1371 1326 1411 1363 et
1426 1320 1794 1380 Πνευματομάχους
1811 1322 1954 1364 Graeci

408 1393 569 1443 dicunt,
599 1408 645 1433 oo
674 1391 781 1445 quod
810 1391 859 1431 116
889 1392 1036 1446 spiritu
1065 1395 1206 1431 sancto
1236 1390 1412 1443 litigent.
1463 1390 1569 1432 Nam
1599 1391 1647 1432 de
1671 1395 1787 1446 patre
1809 1393 1850 1432 et
1870 1389 1953 1432 filio

408 1467 517 1502 recte
541 1462 744 1512 sentiunt,
774 1459 884 1514 quod
906 1461 1027 1500 unius
1051 1461 1133 1500 sint
1155 1459 1423 1513 eiusdemque
1446 1459 1704 1501 substantiae
1725 1458 1791 1502 vel
1811 1471 1955 1500 essen-

409 1532 501 1573 tiae.
524 1528 596 1570 sed
619 1529 666 1570 de
691 1530 839 1583 spiritu
861 1533 1002 1569 saneto
1026 1527 1102 1569 hoc
1125 1528 1270 1568 nolunt
1293 1527 1474 1581 credere,
1496 1532 1726 1570 creaturam
1747 1541 1843 1570 eum
1862 1539 1953 1569 esse

409 1598 606 1640 (licentes.
657 1598 742 1639 Hos
774 1598 911 1651 potius
943 1596 1111 1651 quidam
1143 1596 1421 1638 Semiarianos
1456 1601 1624 1650 vocant,
1660 1596 1769 1652 quod
1803 1597 1847 1638 in
1876 1595 1954 1638 hac

409 1668 647 1721 ‹praes-tione
671 1680 720 1706 ex
741 1672 855 1720 parte
880 1679 973 1706 cum
996 1665 1076 1706 illis
1099 1667 1202 1719 sint,
1225 1680 1273 1707 ex
1297 1670 1411 1721 parte
1433 1665 1664 1707 nobiscum.
1715 1665 1911 1716 Quamvis
1931 1678 1956 1705 a

408 1735 617 1777 nonnullis
639 1734 936 1789 perhibeantur
957 1748 1040 1775 non
1062 1734 1205 1787 deum,
1233 1734 1306 1775 sed
1337 1734 1532 1776 deitatem
1560 1735 1688 1789 patris
1717 1738 1758 1776 et
1783 1733 1858 1775 filii
1891 1732 1954 1774 di-

409 1818 499 1844 cere
524 1805 716 1858 spiritum
740 1807 944 1855 sanctum,
966 1808 1005 1843 et
1028 1802 1185 1844 nullam
1205 1805 1415 1858 propriam
1436 1803 1588 1845 habere
1610 1803 1897 1845 substantiam.

492 1873 661 1913 Miri-ani
683 1871 733 1912 ab
755 1872 878 1912 A‘orio
903 1871 1080 1925 quodam
1102 1875 1199 1912 sunt
1219 1873 1435 1924 nominati,
1458 1872 1638 1926 quicum
1655 1875 1766 1913 esset
1780 1870 1953 1927 presby-

410 1947 484 1993 ter,
507 1940 686 1981 doluisse
709 1940 838 1980 fertur
861 1940 968 1993 quod
991 1942 1209 1996 episcopus
1233 1954 1315 1982 non
1336 1942 1471 1995 potuit
1491 1939 1687 1994 ordinari,
1707 1941 1813 1982 etin
1833 1939 1953 1982 Aria-

410 2022 555 2050 norum
581 2008 787 2049 haeresim
816 2008 957 2063 lapsus
991 2010 1157 2064 propria
1186 2023 1345 2063 quoque
1375 2009 1567 2063 dogmata
1601 2007 1811 2051 addidisse
1848 2021 1952 2050 non-

411 2077 541 2130 nulla,
572 2077 714 2118 dicens
744 2077 878 2118 offerri
907 2091 980 2132 pro
1013 2076 1338 2119 ¹dormientibus
1360 2092 1443 2119 non
1465 2081 1672 2133 oportere,
1702 2091 1779 2119 nec
1801 2080 1955 2118 statuta

410 2145 649 2187 solemniter
672 2144 922 2186 celebranda
943 2159 1032 2186 esse
1055 2147 1229 2199 ieiunia,
1252 2146 1324 2187 sed
1347 2160 1441 2188 cum
1461 2147 1634 2201 quisque
1654 2145 1831 2188 voluerit
1849 2146 1953 2186 ieiu-

408 2214 607 2267 nandum,
627 2227 679 2254 ne
702 2213 890 2254 videatur
913 2228 1002 2254 esse
1025 2214 1100 2255 sub
1123 2214 1225 2268 lege.
1255 2214 1431 2256 Dicebat
1451 2216 1576 2256 etiam
1591 2214 1882 2270 presbyterum
1901 2213 1952 2254 ab

410 2284 601 2338 episcopo
624 2281 738 2322 nulla
759 2281 992 2323 differentia
1014 2282 1163 2324 debere
1187 2283 1378 2325 discerni.
1419 2283 1593 2334 Quidam
1613 2283 1834 2339 perhibent
1853 2284 1952 2323 istos

410 2353 518 2392 sicut
542 2351 776 2393 Encratitas
804 2350 870 2391 vel
897 2351 1156 2406 Apotactitas
1182 2365 1266 2392 non
1299 2352 1516 2393 admittere
1544 2351 1596 2393 ad
1623 2352 1954 2393 communionem

410 2433 527 2460 suam
547 2421 629 2460 nisi
651 2420 931 2471 continentes,
956 2423 995 2459 et
1018 2433 1085 2460 eos
1109 2421 1178 2474 qui
1200 2419 1337 2462 seculo
1359 2421 1708 2474 renuntiaverint,
1727 2423 1774 2461 ut
1787 2420 1954 2476 propria

410 2487 524 2529 nulla
543 2487 796 2542 possideant.
848 2486 912 2527 Ab
942 2500 1037 2528 esca
1057 2492 1197 2529 tamen
1219 2490 1406 2530 carnium
1425 2502 1509 2530 non
1531 2501 1601 2530 eos
1622 2488 1832 2530 abstinere
1853 2487 1953 2530 dicit

409 2555 676 2611 Epiphanius.
708 2555 914 2598 Philaster
933 2568 1029 2597 vero
1051 2560 1091 2596 et
1110 2556 1218 2598 hanc
1240 2559 1299 2598 eis
1321 2557 1469 2599 tribuit
1489 2556 1799 2599 abstinentiam.

500 2681 581 2726 Cap.
599 2679 636 2714 L.
653 2700 697 2705 —
723 2680 752 2714 1.
772 2679 1003 2713 floriacensis
1020 2681 1123 2713 codex
1139 2680 1199 2714 hoc·
1217 2687 1343 2714 tantum
1359 2682 1429 2714 loco
1446 2680 1592 2714 habebat
1605 2681 1774 2716 Adianos:
1791 2682 1884 2716 Nam
1898 2693 1950 2715 su-

404 2739 475 2770 pra
491 2729 527 2759 in
543 2727 690 2759 indiculo
714 2727 810 2769 operi
825 2727 980 2769 praefixo
1003 2737 1075 2758 eum
1100 2730 1218 2760 ceteris
1240 2726 1337 2761 MSS.
1356 2729 1513 2772 praefert
1525 2726 1710 2762 Vadianos.
1758 2727 1949 2762 Praedestz‘-

411 2777 507 2804 natus
523 2774 556 2803 in
574 2772 740 2813 Auyiensz'
756 2772 871 2804 codice
886 2770 1072 2805 Valdianos
1098 2778 1291 2805 constantur
1305 2779 1414 2813 vocae,
1436 2775 1480 2804 iis
1502 2773 1625 2805 duobus
1646 2774 1729 2806 locis
1743 2774 1858 2818 quibus
1878 2772 1950 2806 Sir-

412 2819 546 2850 mondus
560 2816 735 2850 Audianos
753 2817 867 2849 edidit.
919 2817 1064 2849 Graec-is
1078 2829 1198 2850 ret-era
1216 2820 1372 2851 dz'cuntvr
1383 2815 1542 2850 Αὗδιανοί.
1589 2817 1751 2862 (Bened.)

501 2862 582 2906 Cap.
601 2861 654 2895 LI.
670 2880 715 2886 —
741 2862 769 2893 1.
785 2861 1013 2895 Lot-atrienses
1030 2862 1236 2895 addiderunt
1250 2863 1332 2896 dicit
1347 2866 1479 2907 patrem
1494 2867 1529 2895 et
1542 2861 1663 2898 filium.
1710 2863 1868 2908 (Bened.)

501 2907 582 2952 Cap.
599 2906 670 2941 LII.
685 2927 730 2931 —
756 2907 783 2941 1.
801 2906 901 2940 Editi
916 2908 1046 2940 addunt
1066 2906 1468 2954 Constantinopolitanae
1491 2908 1655 2943 ecclesiae
1676 2909 1850 2955 episcopo,
1865 2909 1951 2955 quod

413 2967 432 2985 ct
452 2952 547 2986 MSS.
564 2954 666 2987 abest.
713 2951 872 2996 (Bened.)

502 2997 583 3043 Cap.
598 2997 683 3033 LIII.
699 3017 744 3022 —-
770 2997 798 3031 1.
813 2997 871 3031 Sic
886 2997 985 3033 MSS.
1005 2999 1058 3032 At
1071 2999 1154 3034 editi
1168 2999 1282 3035 dicens
1301 3011 1396 3035 orare
1412 3000 1466 3035 vel
1482 2999 1603 3035 offerre
1620 3011 1681 3047 pro
1698 3000 1840 3036 moituis
1855 2999 1948 3034 obla-

412 3044 541 3079 tionem
556 3055 626 3079 non
643 3046 809 3089 oportere.
855 3042 1012 3088 (Beneaj

2041 2999 2052 3110 ‘l
