2052 3342
222 670 286 702 Cap.
306 669 367 695 vn.

210 1762 275 1795 cap.
294 1762 371 1787 vni.

393 221 473 262 274
836 226 841 227 ⁷
950 218 1365 244 PSEUDo—TERTULLIANI

395 324 532 364 dinem
555 321 780 376 serpentis,
802 326 842 362 ot
863 321 969 362 hanc
991 321 1118 362 fuisse
1140 321 1337 362 virtutem
1357 323 1400 362 in
1420 321 1632 375 paradiso,
1660 321 1703 363 id
1724 325 1787 363 est
1806 322 1932 362 istum

395 392 518 431 fuisse
543 394 777 444 serpentem
801 391 865 430 eui
886 390 969 430 Eva
992 391 1106 443 quasi
1128 389 1209 429 11110
1233 390 1307 431 (100
1331 389 1573 430 crediderat.
1618 390 1848 444 Decerpsit,
1867 390 1931 431 in-

395 460 552 511 quiunt,
575 458 623 498 (10
647 459 780 498 fructu
803 457 982 509 arboris,
1004 462 1124 511 11111110
1147 457 1238 499 ideo
1261 459 1400 511 generi
1422 457 1600 499 humano
1622 459 1839 499 scientiam
1859 457 1932 499 bo-

392 540 537 567 norum
560 531 600 566 et
621 526 822 567 malorum
845 526 1081 567 contribuit.
1133 526 1343 566 Christum
1370 530 1507 567 autem
1527 540 1610 567 non
1638 527 1681 567 in
1703 526 1935 567 substantia

393 596 528 635 carnis
550 596 695 644 suisse3
719 594 893 635 salutem
916 595 1049 635 carnis
1073 594 1321 648 sperandam
1343 595 1509 636 0111111110
1530 608 1613 635 non
1635 607 1737 636 esse.

479 662 561 703 Nec
591 676 673 703 non
703 664 828 704 etiam
856 664 991 716 erupit
1017 662 1097 702 alia
1119 676 1279 716 quoque
1300 662 1503 715 haeresis,
1533 675 1634 716 quae
1664 662 1815 704 dicitur
1841 661 1934 703 Cai-

394 745 602 772 nacorum.
634 731 683 771 Et
705 731 782 785 ipsi
806 731 917 771 enim
937 731 1203 783 magnificant
1225 730 1346 782 Cain,
1369 732 1486 784 quasi
1508 744 1557 770 ex
1580 730 1756 784 quadam
1775 730 1935 786 potenti

395 802 543 840 virtute
567 804 828 853 conceptum,
851 812 953 852 quae
976 802 1141 853 operata
1166 799 1219 838 sit
1242 799 1402 853 inipso.
1434 798 1540 839 Nam
1557 798 1660 839 Abel
1678 812 1728 839 ex
1743 798 1934 839 inferiore

393 870 542 909 virtute
565 872 808 922 conceptum
832 871 1155 922 procreatum,et
1171 866 1260 907 ideo
1281 867 1514 907 inferiorem
1531 869 1752 922 repertum.
1782 866 1850 920 Hi,
1867 867 1935 920 qui

392 936 468 977 hoc
501 936 717 988 adserunt,
753 937 877 976 etiam
908 935 1051 976 Iudam
1084 934 1333 989 proditorem
1365 934 1612 988 defendunt,
1650 934 1936 977 admirabilem

394 1004 510 1045 illum
533 1008 573 1044 et
593 1018 787 1057 magnum
810 1017 899 1044 esse
922 1008 1197 1045 memorantes
1219 1007 1387 1057 propter
1413 1003 1613 1044 utilitates
1636 1016 1736 1057 quas
1757 1002 1936 1044 humano

394 1074 531 1125 generi
554 1072 778 1113 contulisse
796 1072 985 1112 iactatur.
1018 1070 1192 1121 Quidam
1210 1071 1355 1111 ¹ctiam
1372 1072 1553 1126 ipsorum
1570 1072 1793 1125 gratiarum
1809 1072 1936 1112 actio-

395 1155 489 1181 nem
515 1141 634 1181 Iudae
658 1145 824 1195 propter
845 1140 949 1180 hanc
974 1153 1138 1180 causam
1170 1138 1423 1180 reddendam
1450 1143 1610 1194 putant.
1660 1138 1935 1181 Animadver-

396 1216 486 1249 tens
509 1211 638 1259 0111111,
659 1210 872 1262 inquiunt,
895 1208 1017 1249 11111113
1041 1207 1149 1261 quod
1173 1207 1359 1248 Christus
1381 1207 1505 1248 vellet
1525 1208 1744 1249 veritatem
1764 1207 1935 1249 subver-

395 1282 495 1325 tere,
519 1277 687 1318 tradidit
710 1276 844 1329 illum,
874 1290 924 1317 110
955 1276 1137 1316 subverti
1166 1277 1318 1316 veritas
1347 1280 1499 1330 posset.
1549 1275 1600 1323 Et
1620 1275 1690 1317 alii
1712 1277 1770 1317 sic
1793 1279 1939 1318 contra

396 1346 608 1401 disputant
630 1350 670 1385 ct
693 1345 848 1385 dicunt.
902 1345 1003 1394 Quia
1030 1348 1257 1398 potestates
1287 1344 1431 1385 ²huius
1457 1343 1602 1385 mundi
1629 1343 1826 1386 nolebant
1851 1345 1938 1399 pati

397 1414 623 1466 Christum,
652 1427 702 1455 110
729 1414 908 1454 humano
937 1414 1076 1466 generi
1106 1426 1178 1467 per
1210 1416 1386 1453 mortem
1413 1413 1542 1467 ipsius
1572 1411 1682 1453 salus
1710 1416 1938 1468 pararetur,

397 1482 519 1523 saluti
542 1481 762 1523 consulens
784 1483 946 1535 generis
968 1481 1136 1521 humani
1158 1479 1328 1521 tradidit
1349 1480 1579 1533 Christum,
1607 1485 1654 1522 ut
1675 1481 1807 1534 salus,
1835 1494 1937 1535 quae

395 1550 696 1605 impediebatur
726 1564 798 1604 per
825 1549 999 1590 virtutes
1022 1563 1124 1603 quae
1148 1548 1406 1590 obsistebant
1433 1562 1484 1589 ne
1506 1552 1717 1604 pateretur
1737 1549 1938 1602 Christus,

396 1618 585 1673 impediri
609 1619 775 1660 omnino
794 1632 875 1659 non
892 1621 1047 1672 posset,
1069 1621 1109 1658 et
1125 1617 1215 1659 ideo
1234 1630 1306 1672 per
1322 1619 1558 1672 passionem
1575 1617 1728 1659 Christi
1743 1631 1826 1660 non
1841 1631 1936 1673 pos-

396 1692 460 1728 set
481 1687 590 1727 311103
612 1687 781 1727 humani
804 1687 964 1740 generis
986 1685 1199 1726 retardari.

480 1755 562 1797 Sed
584 1760 625 1795 et
644 1755 715 1795 illa
735 1755 920 1795 haeresis
942 1754 1144 1808 processit
1173 1767 1275 1807 quae
1299 1754 1449 1795 dicitur
1470 1753 1761 1795 Sethoitarum.
1805 1754 1937 1796 Huius

397 1825 678 1879 perversitatis
702 1823 889 1864 doctrina
910 1822 1010 1863 haec
1034 1826 1113 1862 est:
1141 1822 1253 1863 Duos
1275 1822 1462 1863 homines
1485 1822 1535 1863 ab
1558 1821 1715 1876 angelis
1737 1823 1936 1864 constitu-

397 1898 476 1945 tos,
498 1892 599 1932 Cain
621 1891 801 1939 etAbe13
823 1894 991 1946 propter
1012 1890 1086 1931 hos
1104 1904 1274 1944 magnas
1291 1892 1398 1931 inter
1413 1890 1580 1944 angelos
1598 1892 1882 1933 contentiones
1899 1895 1939 1931 et

398 1961 624 2002 discordias
652 1961 858 2008 extitisse3
895 1959 945 2000 ob
974 1958 1078 2000 hanc
1108 1973 1275 2000 causam
1302 1958 1415 2000 illam
1440 1960 1636 2001 virtutem
1664 1958 1788 2013 ¹quae
1816 1973 1938 2014 super

398 2042 539 2070 omnes
560 2029 733 2069 virtutes
755 2032 887 2079 esset,
916 2040 1038 2080 quam
1060 2027 1232 2067 Matrem
1253 2026 1543 2081 pronuntiant,
1565 2027 1664 2068 dum
1682 2027 1789 2068 Abel
1808 2029 1937 2068 inter-

398 2098 551 2137 fectum
573 2096 778 2148 dicerent,
806 2095 984 2136 voluisse
1015 2096 1175 2150 concipi
1205 2099 1245 2135 et
1272 2096 1388 2135 nasci
1415 2095 1523 2136 hunc
1546 2094 1647 2136 Seth
1674 2095 1760 2136 loco
1781 2095 1937 2147 Abelis,

398 2170 443 2205 ut
464 2168 759 2206 evacuarentur
782 2163 915 2217 angeli
936 2163 996 2203 illi
1018 2165 1087 2217 qui
1109 2163 1210 2204 duos
1232 2165 1388 2218 priores
1410 2163 1500 2204 illos
1521 2163 1710 2204 homines
1727 2163 1935 2205 condidis-

399 2238 511 2285 sent,
539 2233 637 2273 dum
664 2232 741 2273 hoc
770 2245 911 2273 semen
940 2232 1140 2272 mundum
1169 2233 1297 2272 oritur
1326 2235 1366 2272 et
1392 2232 1587 2272 nascitur.
1637 2231 1936 2273 Permixtiones

400 2303 510 2343 enim
532 2301 675 2342 dicunt
694 2300 931 2353 angelorum
960 2304 1000 2340 et
1019 2300 1235 2341 hominum
1254 2300 1416 2354 iniquas
1438 2299 1586 2352 fuisse,
1616 2299 1667 2341 ob
1697 2313 1818 2354 quam
1840 2314 1935 2341 cau-

400 2384 489 2410 sam
509 2369 624 2410 illam
644 2370 853 2421 virtutem,
875 2382 1012 2422 quam,
1034 2369 1140 2409 sicut
1162 2368 1362 2421 diximus,
1382 2367 1653 2423 pronuntiant
1670 2367 1865 2421 Matrem,
1885 2367 1936 2409 ad

402 2438 625 2480 vindictam
647 2439 771 2478 etiam
792 2436 1087 2490 cataclysmum
1103 2436 1311 2490 inducere,
1332 2440 1378 2476 ut
1395 2440 1435 2476 et
1450 2436 1553 2477 illud
1568 2437 1853 2491 permixtionis
1870 2450 1934 2478 se-

400 2521 496 2548 men
515 2506 728 2547 tolleretur
756 2509 796 2545 et
821 2505 898 2546 1100
928 2504 1061 2545 solum
1089 2518 1253 2557 semen,
1281 2504 1389 2558 quod
1410 2508 1519 2545 esset
1538 2518 1708 2559 purum,
1732 2506 1936 2558 integrum

402 2575 688 2616 custodiretur.
721 2573 804 2614 Sed
825 2574 935 2613 enim
955 2572 1060 2624 illos,
1083 2574 1151 2626 qui
1173 2573 1343 2613 seminis
1364 2572 1456 2614 illos
1476 2572 1624 2627 prioris
1645 2573 1935 2625 instituissent,

402 2643 558 2685 occulte
581 2647 622 2683 et
641 2642 817 2683 latenter
838 2645 879 2682 et
897 2642 1111 2694 ignorante
1131 2640 1203 2681 illa
1217 2641 1346 2682 Matre
1363 2641 1513 2681 virtute
1532 2640 1723 2682 cumillis
1740 2644 1828 2682 octo
1845 2641 1933 2682 ani-

400 2712 545 2753 mabus
565 2713 609 2753 in
637 2724 774 2751 arcam
800 2710 963 2750 misisse
997 2710 1121 2750 etiam
1148 2723 1289 2750 semen
1311 2709 1459 2761 Cham,
1487 2723 1566 2763 quo
1596 2721 1738 2750 semen
1752 2708 1931 2749 malitiae

401 2794 482 2822 non
512 2780 686 2834 periret,
718 2777 791 2819 sed
822 2791 915 2819 cum
946 2778 1092 2818 ceteris
1124 2781 1412 2819 conservatum
1448 2780 1489 2818 et
1518 2780 1612 2832 post
1641 2775 1933 2830 cataclysmum

490 2880 572 2925 Cap.
590 2879 662 2914 VH.
679 2899 722 2904 -—
749 2879 776 2911 1.
795 2879 899 2912 etiam
915 2880 1048 2923 reposui
1057 2889 1122 2922 pro
1140 2877 1241 2920 enim,
1259 2880 1345 2922 quod
1360 2890 1468 2911 omnes
1483 2878 1564 2910 libri·
1579 2881 1695 2910 tenent.
1732 2875 1933 2921 Saepissime

400 2927 463 2959 Ιιαε
479 2926 675 2970 particulas
698 2937 719 2957 a
742 2924 897 2956 librariis
920 2926 1075 2968 confusas
1098 2927 1249 2967 reperire
1273 2929 1329 2956 est.
1370 2923 1420 2967 Cf.
1438 2925 1538 2956 etz'am
1553 2920 1934 2965 Pseudo-Hieronymus

402 2972 512 3005 Indie.
532 2973 571 3004 de
586 2970 731 3004 Haeres.
750 2981 826 3014 cap.
843 2968 875 3002 8.
945 2968 975 3002 2.
993 2969 1084 3002 Pars
1100 2969 1257 3002 librorum
1274 2969 1337 3002 hae
1353 2968 1482 3002 mundi.

492 3016 574 3060 Cap.
593 3014 680 3049 VIII.
697 3033 739 3038 —-
767 3014 795 3049 l.
824 3013 1083 3055 „Trivirtutem”
1108 3015 1261 3058 appellat
1281 3013 1659 3055 Pseudo-Hieronymus
1676 3023 1751 3056 cap.
1770 3011 1802 3047 9.
1821 3014 1861 3045 de
1874 3011 1930 3045 Se-

402 3061 504 3105 tkitz's,
522 3073 611 3105 quem
630 3064 715 3105 conf.
1834 3092 1837 3094 .
