2052 3374
710 234 759 263 DE
778 233 1011 262 HAERESIBUS
1031 233 1152 261 LIBER.

1650 234 1703 277 39

238 339 323 382 Alii
342 343 480 382 autem
509 340 560 381 ab
580 340 683 382 Iuda
709 340 933 382 traditorea
960 341 1232 381 instituerunt
1258 339 1485 392 haeresim,
1514 337 1700 379 dicentes
1726 348 1931 381 Cauxxxw·

156 410 310 452 bonum
330 423 432 464 opus
453 409 599 451 fecisse
620 409 766 451 Iudam
787 409 895 463 quod
923 408 1139 450 tradiderit
1167 408 1426 450 salvatorem.
1472 407 1550 449 Hic
1573 408 1699 461 enim,

154 479 360 533 inquiunt,
376 478 498 519 nobis
516 480 649 519 omnis
667 479 863 519 scientiae
880 477 1032 519 bonaeb
1051 481 1192 518 auctor
1209 479 1360 530 extitit,
1377 490 1450 531 per
1466 489 1590 531 quem
1606 489 1699 517 cae-

154 547 274 588 lestia
293 545 413 588 nobis
434 548 633 600 mysteria
652 546 916 587 manifestata
937 550 1045 586 sunt.
1091 546 1324 587 Virtutibus
1347 546 1502 586 etenim
1522 546 1566 586 in
1588 544 1700 586 caelo

154 615 391 658 nolentibus
413 615 524 670 ¹pati
546 615 757 656 Christum
768 621 796 667 Ο,
818 618 859 654 et
879 613 1106 655 scientibus
1129 614 1237 668 quod
1260 616 1295 655 si
1316 614 1440 655 suerit
1454 627 1618 669 passus,
1637 615 1700 654 vi-

154 690 240 726 tam
258 683 496 725 hominibus
519 683 744 725 donaturus
766 683 841 735 sit,
879 682 955 724 hoc
979 684 1139 735 sciens,
1168 684 1324 737 inquit,
1352 682 1498 735 Iudas,
1528 682 1637 736 quod
1667 684 1702 723 si

154 754 278 795 fuerit
307 765 456 807 passus
491 752 700 805 Christus,
728 750 904 792 salutem
935 750 1173 792 hominibus
1205 750 1404 792 allaturus
1436 754 1568 803 esset,
1604 751 1701 792 hinc

153 821 325 863 tradidit
344 820 601 862 salvatorem.
641 821 727 861 Hoc
749 823 887 860 autem
908 818 1063 860 malum
1085 819 1333 861 adsertionis
1354 821 1506 874 impiae
1528 819 1700 874 quibus-

154 890 249 932 dam
275 891 393 932 vanis
421 893 462 930 et
486 888 731 931 vecordibus
761 889 880 942 quasi
908 887 1130 929 verisimile
1166 888 1330 929 videtur
1359 901 1448 929 esse
1476 888 1702 941 interdum,

154 972 248 1001 cum
267 959 322 999 sit
341 960 384 999 in
406 958 597 1000 omnibus
619 958 868 999 contrarium
890 960 932 998 et
959 956 1210 1010 execrabile,
1239 970 1332 998 cum
1354 956 1554 1012 propheta
1583 955 1702 998 2011111

152 1026 314 1069 Davidd
341 1030 436 1068 ante
465 1031 507 1067 et
535 1026 724 1067 dominus
754 1025 956 1067 salvatore
987 1025 1265 1078 damnaverit,
1301 1029 1342 1066 et
1370 1025 1481 1066 beati
1502 1024 1704 1079 apostolis

154 1082 402 1137 sententiam
424 1094 582 1136 domini
603 1094 800 1135 adversus
823 1108 918 1135 eum
940 1094 1275 1135 confirmaverint
1296 1093 1530 1135 edocentes.

235 1164 336 1206 Post
355 1165 482 1205 istum
504 1163 779 1218 ¹Carpocrasa
800 1164 967 1204 nomine
989 1164 1189 1215 surrexit,
1220 1167 1261 1203 et
1288 1164 1377 1217 ipse
1407 1161 1550 1203 dicens
1571 1175 1702 1203 unum

152 1232 450 1288 principiumb,
482 1231 530 1272 de
553 1245 631 1286 quo
654 1233 880 1286 principio,
911 1231 952 1272 id
985 1235 1049 1272 est
1078 1230 1128 1272 de
1159 1230 1257 1283 deo⁷
1286 1230 1537 1286 prolationes
1567 1230 1700 1271 factae

152 1300 168 1326 2
177 1303 262 1343 sint
296 1300 533 1355 angelorum
572 1304 693 1355 atque
723 1301 942 1341 virtutum:
982 1313 1085 1354 quae
1115 1304 1252 1340 autem
1280 1300 1454 1341 virtutes
1483 1299 1702 1341 3deorsum

1728 1170 1793 1203 Cap.
1813 1171 1921 1195 xxxv.

242 1413 323 1458 Cap.
340 1412 505 1447 XXXIV.
524 1415 559 1445 in
576 1413 649 1446 ahc.
668 1415 865 1457 inscriptum
883 1413 984 1446 habet
998 1412 1171 1446 IIAEREsrs
1190 1424 1234 1446 AB
1252 1413 1311 1456 (DE
1328 1412 1372 1457 b.)
1390 1424 1474 1446 lvnA
1493 1423 1701 1446 TRADITORE.

153 1479 195 1484 -—
222 1460 250 1492 1.
267 1459 378 1504 lnquit
395 1459 467 1503 pati
484 1459 527 1492 Α.
561 1458 591 1491 2.
617 1469 694 1491 cum
712 1471 771 1491 om.
791 1458 898 1491 Babc.

241 1504 323 1549 Cap.
338 1504 487 1538 XXXV.
504 1507 540 1536 in
560 1504 664 1536 Babe.
682 1506 879 1548 inscriptam
897 1504 997 1537 habet
1012 1503 1230 1538 meroensis.
1249 1524 1291 1529 —
1312 1504 1337 1537 l.
1357 1503 1497 1548 quidam
1515 1503 1702 1550 Carpocras

153 1552 181 1584 Ι).
214 1550 244 1585 2.
262 1554 341 1584 sunt
358 1550 401 1583 A.
432 1549 463 1583 3.
481 1549 639 1584 deorsum
658 1562 684 1582 (·.
703 1549 843 1583 deorum
860 1551 989 1594 reliqui.

152 1665 254 1699 strius
271 1664 362 1709 quod
378 1663 561 1709 prophetas
578 1663 679 1697 hosce
704 1674 746 1697 ex
771 1665 893 1698 virtute

151 1712 211 1745 illa
226 1714 325 1744 natos
345 1709 500 1744 Gnostici
516 1710 725 1743 iactaverint.
773 1711 848 1752 (F.)

189 1768 216 1790 s.
233 1756 452 1800 evangelium
465 1756 786 1800 consummationis]
811 1755 892 1797 „1381-

153 1801 306 1847 αγγέλιον
330 1800 547 1839 τελειώσεως”
576 1801 697 1846 Epiph.
715 1801 842 1835 XXVI.
862 1802 891 1836 2.

170 1848 275 1881 Fabr.

153 1851 170 1890 (
198 1850 293 1939 Gap.)
297 1891 462 1927 XXXIV.
487 1913 529 1917 —
553 1903 582 1925 a.
609 1893 651 1925 ab
676 1892 760 1925 Iuda
788 1893 890 1926 tradi-

152 1939 238 1984 tore]
264 1938 415 1972 Iudaitas
439 1939 590 1983 appellat
612 1938 890 1972 Pseudo-Hiero-

153 1995 278 2029 nymus
296 1995 368 2030 cap.
378 1983 409 2017 S.
426 1983 784 2017 Iudieulihaeresium.
803 1984 889 2018 Con-

154 2031 301 2064 similem
318 2030 515 2075 opinionem
532 2030 620 2063 infra
637 2040 710 2074 cap.
727 2029 781 2062 36.
814 2030 890 2063 Phi-

152 2076 291 2110 lastrius
318 2078 436 2109 noster
461 2075 581 2108 tribuit
609 2074 778 2108 Cerintho.
823 2075 890 2109 Alii

155 2122 294 2156 Gaianis
311 2121 352 2154 de
371 2121 494 2165 quibus
513 2131 585 2165 cap.
604 2121 634 2153 2.
659 2120 708 2153 De
725 2122 889 2154 recentio-

153 2168 247 2201 ribus
263 2166 354 2200 idem
370 2166 527 2200 delirium
539 2166 801 2210 recoquentibus
815 2167 889 2200 vide

153 2213 184 2246 si
198 2213 294 2246 lubet
310 2211 563 2255 B.D.1ttigium
582 2211 622 2244 de
635 2212 888 2246 llaeresiarchis

153 2258 371 2304 Apostolicae
400 2258 522 2291 aetatis
552 2257 631 2290 diss.
650 2257 680 2290 2.
706 2269 738 2301 p.
759 2257 831 2291 115.
857 2263 889 2291 et

153 2304 198 2337 Ιο.
220 2303 404 2337 Henricum
433 2303 563 2336 Ottium
592 2303 676 2336 llist.
702 2303 888 2348 Anabapti-

153 2350 257 2384 sticae
272 2360 306 2394 p.
323 2348 399 2382 267.
446 2349 521 2390 (F.)

198 2395 231 2429 b.
261 2394 423 2428 scientiae
455 2394 576 2438 bonae]
619 2394 759 2427 Consilii
785 2394 889 2428 divini

154 2440 195 2474 de
218 2444 338 2474 nostra
359 2450 420 2485 per
444 2439 569 2473 Christi
593 2443 738 2472 mortem
762 2441 887 2473 salute:

153 2486 209 2520 0111
224 2485 305 2527 5011,
328 2496 398 2519 11011
421 2490 537 2519 autem
553 2485 656 2518 Iudae
680 2485 795 2518 referri
811 2496 888 2530 gra-

154 2531 220 2565 tias
244 2541 266 2564 a
286 2531 404 2572 nobis,
437 2542 549 2575 neque
576 2530 803 2575 proditionem
827 2542 888 2575 pro

154 2587 258 2611 causa
281 2576 401 2610 salutis
426 2581 562 2610 nostrae
593 2575 716 2609 habere
745 2580 888 2620 oportet,

178 2633 261 2656 uum
290 2622 405 2656 divina
428 2622 612 2667 sapientia,
640 2621 693 2654 cui
723 2622 889 2656 malitiam

171 2667 257 2702 udae
278 2667 314 2702 in
336 2667 467 2701 bonum
489 2667 594 2700 finem
618 2665 795 2700 deflectere
817 2669 888 2712 pla-

154 2713 235 2754 cuit,
253 2712 329 2746 aliis
347 2713 450 2746 etiam
467 2713 577 2746 modis
595 2712 770 2747 consulere
788 2713 889 2746 saluti

154 2761 291 2792 nostrae
316 2758 496 2803 potuisset.
536 2757 709 2791 Praeclare
740 2756 828 2791 hanc
854 2759 889 2791 in

155 2803 361 2837 sententiam
390 2803 426 2837 S.
451 2802 714 2847 chrysostomus
748 2801 890 2836 homilia

154 2849 331 2883 LXXXII.
359 2848 395 2882 111
422 2848 635 2882 Matthaeum
672 2859 704 2892 p.
729 2847 826 2890 854„
857 2853 890 2882 et

154 2893 296 2928 homilia
310 2894 503 2928 LXXXIV.
521 2906 552 2938 p.
571 2893 645 2926 875.
693 2893 767 2933 (F.)

170 2950 197 2973 c.
209 2939 400 2973 Virtutibus
410 2940 536 2973 etenim
550 2940 583 2972 in
594 2938 685 2971 caelo
696 2939 889 2973 nolentibus

154 2984 226 3029 pati
235 2983 418 3029 Christum]
443 2985 651 3027 Angelorum
670 2984 802 3028 lapsum
818 2985 890 3018 sive

179 3033 332 3063 eecatum
347 3030 453 3074 aliqui
466 3034 618 3063 veterum
634 3029 714 3062 olim
729 3033 893 3074 putarunt

173 3074 263 3110 uisse
278 3075 441 3110 invidiam
456 3075 491 3110 in
507 3075 678 3116 1103111105,
701 3086 771 3109 11011
789 3075 890 3110 111οά0

964 1663 1054 1708 quod
1077 1664 1119 1697 ad
1142 1664 1331 1708 imaginem
1354 1664 1408 1698 dei
1431 1667 1546 1697 essent
1563 1664 1702 1706 conditi,

963 1710 1022 1743 sed
1037 1710 1140 1743 etiam
1155 1710 1245 1754 quod
1261 1711 1468 1743 salvatorem
1481 1710 1564 1743 deus
1577 1711 1702 1744 niissu-

961 1766 1019 1789 rus
1036 1756 1257 1800 peccantibus
1273 1755 1404 1797 fuisset,
1422 1759 1460 1788 ut
1477 1755 1593 1788 docuit
1608 1755 1648 1789 B.
1662 1757 1702 1789 D.

961 1800 1133 1845 Spenerus
1156 1802 1191 1834 in
1207 1801 1364 1834 vindiciis
1382 1801 1578 1845 germanice
1602 1801 1702 1834 editis

961 1847 1123 1880 adversus
1141 1847 1320 1880 Danielem
1336 1847 1581 1880 Hartnaccium
1597 1858 1630 1891 p.
1652 1847 1702 1880 19.

960 1903 1031 1937 seq.
1067 1892 1196 1926 Eadem
1221 1893 1391 1926 sententia
1420 1892 1549 1937 placuit
1576 1893 1702 1926 recenti

961 1942 1072 1971 aetate
1089 1938 1196 1972 Paulo
1211 1938 1378 1982 Sherlogo
1396 1938 1432 1971 in
1445 1938 1590 1982 Dioptra
1605 1938 1701 1971 Anti-

961 1984 1130 2028 quitatum
1147 1984 1409 2025 IIebraicarum3
1427 1984 1477 2016 ait
1493 1983 1585 2016 enim
1601 1983 1700 2017 Luci-

959 2030 1069 2063 ferum
1087 2029 1203 2063 rabide
1221 2030 1353 2071 tulisse,
1372 2041 1450 2063 cum
1467 2030 1555 2062 inter
1571 2040 1701 2073 magna

960 2076 1026 2108 alia
1044 2086 1170 2109 arcana
1187 2078 1441 2109 sacramentum
1454 2075 1701 2109 incarnationis

958 2122 1111 2155 futurum
1127 2121 1332 2155 rescivisset.
1381 2121 1456 2162 (F.)

1004 2167 1035 2200 (1.
1058 2166 1226 2213 propheta
1248 2167 1370 2212 David]
1395 2166 1484 2200 Psal.
1501 2165 1627 2200 LXIX.
1646 2166 1698 2200 25.

959 2212 1047 2246 CIX.
1061 2213 1091 2245 8.
1140 2213 1215 2254 (F.)

1003 2270 1031 2291 e.
1057 2258 1216 2291 dominus
1234 2258 1398 2303 salvator]
1431 2258 1553 2292 Matth.
1570 2258 1697 2293 XXVI.

959 2304 1011 2337 24.
1036 2303 1107 2337 Ioh.
1124 2304 1232 2339 XVII.
1254 2304 1304 2337 12.
1352 2304 1427 2345 (F.)

1002 2349 1025 2382 f.
1051 2350 1143 2383 beati
1160 2350 1320 2395 apostoli]
1347 2350 1460 2383 Actor.
1477 2349 1502 2382 Ι.
1524 2350 1574 2383 18.
1593 2353 1626 2384 et
1645 2350 1696 2383 25.

957 2395 996 2428 In
1013 2395 1160 2429 editione
1173 2396 1316 2430 liclnist.
1331 2396 1537 2429 vocabulum
1556 2397 1699 2441 apostoli

958 2441 1046 2474 male
1063 2441 1245 2474 exciderat.
1294 2441 1368 2482 (F.)

1003 2486 1084 2532 Cap.
1094 2487 1241 2520 XXXV.
1255 2507 1294 2512 —
1304 2497 1334 2519 a.
1345 2486 1547 2531 Carpocras]
1568 2487 1696 2531 Καρπο-

959 2533 1034 2576 κρᾶς
1051 2533 1155 2565 etiam
1168 2532 1359 2578 Epiphanio
1371 2532 1528 2573 XXVII„
1547 2532 1604 2566 sed
1619 2533 1695 2565 aliis

958 2581 994 2610 ut
1010 2577 1168 2619 Irenaeo,
1192 2578 1356 2619 Eusebio,
1380 2577 1560 2611 Timotheo
1582 2578 1693 2622 presb.

957 2622 1169 2657 Theodoreto
1204 2625 1440 2668 Carpocrates.
1502 2624 1694 2657 Sectatorcs

956 2668 1147 2714 Epiphanio
1166 2667 1414 2713 Καρποκρὰσιοι,
1433 2669 1507 2702 31115
1524 2672 1563 2702 ut
1577 2670 1694 2711 Augu-

957 2714 1047 2747 stino
1066 2725 1093 2747 c.
1112 2714 1141 2747 7.
1160 2718 1192 2747 et
1209 2714 1319 2748 eidem
1333 2714 1522 2759 Epiphanio
1536 2713 1651 2747 XXX.
1666 2713 1692 2746 l.

959 2760 1241 2803 (⁷c17·pocratic171i,
1270 2759 1408 2793 Nicetae
1438 2760 1691 2803 Carpocratem'.

959 2804 1021 2848 [De
1039 2804 1242 2850 Carpocrate
1258 2816 1289 2838 v.
1299 2805 1345 2839 Io.
1354 2805 1442 2838 Frid.
1452 2804 1693 2838 Hebenstreitii

957 2850 1098 2883 Dissert.
1123 2851 1163 2884 de
1186 2851 1326 2884 llaeresi
1350 2849 1692 2895 Carpocratianorum

957 2895 1097 2928 Witteb.
1124 2895 1217 2929 1712.
1257 2896 1447 2941 Epistolam
1469 2894 1691 2939 posteriorem

957 2940 1046 2974 Petri
1063 2944 1095 2973 et
1104 2940 1291 2986 Epistolam
1304 2941 1407 2974 Iudae
1421 2940 1691 2983 Carpocratianis

959 2986 1150 3030 oppositam
1174 2998 1248 3020 esse
1272 2987 1464 3031 suspicatur
1485 2985 1585 3030 Ilugo
1606 2984 1689 3020 Gro-

957 3032 1024 3065 tius
1042 3031 1083 3064 ad
1101 3043 1131 3064 v.
1148 3032 1178 3065 4.
1193 3032 1223 3064 7.
1237 3032 1282 3075 8.]
1331 3032 1405 3072 (F.)

996 3077 1026 3110 b.
1052 3088 1159 3111 uuum
1174 3076 1391 3122 principium]
1419 3074 1522 3118 „Mirm
1545 3073 1611 3110 ἅνω
1634 3073 1687 3121 ἀρ-
