2052 3342
180 1258 245 1288 cap.
267 1257 326 1281 vn.

352 190 432 230 288
932 189 1306 214 PSEUDo-HIERONYMI

352 295 410 334 sic
434 294 547 346 quasi
571 291 727 332 alienae
750 292 1004 332 substantiae
1033 293 1074 332 in
1103 292 1294 333 omnibus
1323 306 1413 334 esse
1443 295 1659 336 contraria.
1709 293 1816 336 Nam
1843 306 1893 334 ex

355 363 402 401 iis
432 361 579 414 aliqui,
616 367 660 400 ut
688 361 880 400 Irenaeus
908 360 1184 414 ἕψω-1010111111
1213 361 1374 401 vicinus
1404 361 1547 413 refert,
1580 361 1724 403 dicunt
1752 366 1895 403 contra

353 429 568 469 duodecim
591 429 707 481 signa
729 428 944 469 duodecim
966 427 1219 482 patriarchas
1242 442 1331 468 esse
1350 428 1584 483 dispositos,
1606 434 1647 471 et
1667 431 1726 470 sic
1745 432 1894 481 cetera,

353 511 454 551 quae
477 496 704 538 secundum
727 498 933 550 sapientes
955 498 997 537 in
1018 496 1171 537 mundo
1193 500 1264 536 aut
1280 496 1428 550 simpla
1445 501 1515 537 aut
1531 497 1670 552 dupla,
1690 502 1810 538 terna
1825 500 1896 538 aut

352 571 565 619 quaterna,
587 564 650 606 vel
674 566 811 619 quina,
841 578 940 605 sena
962 564 1025 605 vel
1047 569 1219 619 septena
1250 564 1456 617 dicuntur,
1486 569 1629 606 contra
1657 569 1895 607 sanctorum

354 634 586 674 ¹⁰numeros
609 633 766 687 aequali
791 638 831 673 et
852 632 968 688 parili
993 633 1259 687 dispositione
1283 646 1455 686 pugnae.
1487 633 1616 674 Prave
1646 635 1770 675 etiam
1791 634 1893 675 scri-

353 707 493 756 pturas
516 702 793 754 intelligentes
816 701 920 742 lilios
937 701 1248 755 promissionisb
1271 715 1352 742 non
1371 715 1419 741 ex
1442 702 1551 742 coitu
1567 703 1658 754 viri,
1681 701 1753 743 sed
1768 701 1894 743 verbo

353 770 418 811 dei
442 775 559 811 natos
583 772 814 822 affirmant,
842 775 885 810 ut
908 783 985 810 non
1009 770 1267 822 unigenitum
1290 783 1336 809 ex
1361 769 1436 810 deo
1459 769 1589 810 silium
1617 769 1770 811 dicant.
1808 769 1894 811 Au·-

354 840 457 879 serre
481 840 694 894 cupientes
717 839 1057 892 omnipotentiam
1081 837 1146 878 dei
1176 839 1313 878 omnia
1335 836 1458 878 deum
1478 851 1561 878 non
1583 851 1633 878 ex
1653 837 1795 891 nihilo,
1822 837 1897 879 sed

353 922 402 948 ex
438 907 573 961 aliquo
613 908 758 947 secisse
798 906 1074 958 contendunt,
1112 910 1157 946 ut
1193 906 1294 946 duas
1336 905 1590 948 substantias
1619 905 1895 948 introducant.

352 977 463 1017 llaec
493 990 540 1016 ex
570 980 684 1030 parte
713 990 784 1030 pro
818 975 1047 1027 cognitione
1076 974 1262 1015 veritatis
1289 979 1386 1015 sunt
1406 974 1528 1015 dicta.
1579 974 1742 1024 Quanta
1760 977 1897 1015 autem

353 1044 415 1085 vel
441 1044 489 1085 de
514 1043 820 1096 evangeliorum
841 1044 1177 1097 interpretatione
1201 1043 1471 1095 ¹¹signoru1n,
1491 1041 1557 1084 vel
1578 1042 1627 1083 de
1650 1043 1898 1085 Graecorum

352 1113 578 1167 gentilibus
599 1113 809 1166 mysteriis
831 1112 1040 1153 literarum
1063 1111 1228 1153 eosdem
1254 1111 1458 1152 affirmare
1480 1112 1769 1166 cognovimus,
1795 1124 1896 1153 enu-

351 1196 508 1223 merare
531 1181 772 1236 perlongum
798 1184 873 1221 est.

438 1250 706 1291 ¹Valentinus
738 1248 1090 1290 2001151111111111111111
1119 1248 1220 1289 dicit
1247 1261 1336 1289 esse
1364 1248 1549 1290 Aeonem
1572 1251 1613 1289 et
1639 1248 1896 1290 ³innomina-

355 1325 437 1360 tam
459 1318 721 1360 altitudinem
742 1332 953 1370 magnam,
976 1331 1077 1371 quae
1099 1316 1368 1369 Profundum,
1390 1314 1531 1367 Βυθὸς,
1552 1317 1800 1358 nominatur.
1848 1316 1898 1358 In

354 1388 523 1429 silentio
547 1401 589 1429 se
611 1401 759 1440 magno
782 1387 1024 1427 ⁴continens
1047 1385 1175 1439 (quod
1197 1385 1407 1427 silentium
1429 1399 1476 1426 ea
1495 1387 1627 1439 gratia
1646 1384 1898 1440 appellatum

352 1455 517 1514 Evfhv³¹>
540 1455 616 1497 hoc
640 1455 908 1507 Profundum,
929 1455 1024 1495 ⁵aut
1044 1452 1187 1504 Βυθὸς,
1210 1455 1348 1495 emisit
1368 1453 1561 1507 Sensum,
1588 1454 1658 1508 qui
1677 1452 1895 1508 ⁶Monoge-

353 1527 463 1565 nitus
487 1529 527 1565 et
547 1525 669 1566 Pater
692 1529 732 1564 et
752 1524 921 1564 Initium
943 1522 1192 1578 appellatur3
1213 1521 1303 1563 ⁷cui
1320 1523 1541 1564 coniuncta
1561 1525 1625 1563 est
1643 1522 1819 1563 Veritas.
1846 1521 1898 1563 Et

352 1593 452 1634 haec
476 1597 539 1634 est
560 1592 850 1647 quadriformis
879 1591 994 1632 radix
1022 1592 1148 1633 totius
1176 1592 1385 1645 mysterii,
1415 1590 1478 1631 ³id
1499 1594 1562 1632 est
1580 1589 1836 1632 Profundum
1857 1593 1899 1632 et

351 1662 573 1703 Silentium
596 1666 635 1702 et
657 1662 812 1702 Sensus
836 1665 876 1700 et
898 1659 1071 1700 Veritas.
1103 1659 1342 1713 Intelligens
1364 1663 1503 1700 autem
1524 1658 1681 1701 Sensus
1700 1657 1778 1699 ⁹ad
1798 1657 1897 1713 quid

352 1736 462 1772 esset
485 1731 698 1783 ¹0missus,
731 1733 772 1770 et
793 1730 880 1783 ipse
904 1728 1084 1769 11emisit
1105 1727 1286 1769 Verbum
1308 1731 1348 1768 et
1369 1727 1520 1769 Vitam.
1578 1727 1640 1769 De
1660 1726 1796 1768 Verbo
1823 1740 1896 1768 au·-

352 1804 434 1840 tem
457 1803 497 1840 et
518 1799 613 1840 Vita
634 1797 878 1839 ¹‘-‘eniittitur
900 1798 1130 1850 coniugatio
1151 1796 1282 1838 Homo
1312 1800 1353 1837 et
1371 1795 1569 1837 Ecclesia.
1618 1795 1670 1838 Et
1688 1795 1790 1837 haec
1810 1796 1895 1851 pri-

351 1869 559 1921 mogenita
579 1859 772 1925 '()·s‹502*r.;,
804 1865 920 1906 rade
941 1869 982 1905 et
1003 1865 1235 1906 substantia
1255 1865 1559 1917 univcrsitatis,
1581 1865 1771 1918 coniugia
1795 1877 1895 1918 qua-

351 1940 442 1978 tuor
467 1934 589 1983 Βυθὸς
611 1939 652 1976 et
672 1933 784 1992 Σιγὴ,
807 1933 963 1975 Sensus
985 1937 1026 1974 et
1048 1934 1224 1986 Veritas,
1244 1932 1428 1974 Verbum
1444 1937 1486 1974 et
1506 1932 1654 1986 ¹3Vita,
1673 1932 1806 1974 Homo
1827 1931 1898 1974 1⁴1et

350 2004 547 2046 Ecclesia.
598 2003 780 2044 Verbum
809 2007 948 2043 autem
977 2006 1017 2042 et
1046 2002 1181 2043 ¹⁵Vita
1210 2003 1253 2042 in
1280 2001 1478 2043 honorem
1507 2001 1642 2043 Patris
1671 2002 1898 2042 emiserunt

354 2071 542 2121 16Αἰῶνοις
561 2071 759 2126 Bythium
781 2075 821 2112 et
840 2071 997 2124 Mixim,
1018 2070 1225 2125 Ageraton
1247 2073 1288 2111 et
1311 2070 1525 2123 Henosim,
1544 2069 1605 2111 Ex
1625 2082 1669 2111 se
1689 2068 1895 2125 prodeun-

449 2236 498 2271 10.
516 2245 702 2269 numerosa
717 2234 806 2269 Men.
843 2234 907 2268 Ubi
923 2236 1092 2268 distinctio
1109 2234 1192 2268 haec
1210 2241 1259 2267 est
1273 2234 1441 2268 dicuntur.
1479 2233 1605 2268 Contra
1619 2236 1819 2267 sanctorum
1833 2243 1895 2266 nu-

351 2293 484 2316 merosa
501 2281 636 2326 aequali
653 2287 726 2313 cett.
816 2280 866 2315 11.
894 2280 1095 2313 Vocabulum
1112 2281 1292 2325 signorum
1316 2286 1508 2324 corr-aptum
1526 2285 1620 2324 puto.
1663 2279 1896 2323 Reponendum

343 2329 494 2369 sortasse
511 2334 557 2360 est
573 2329 781 2360 sanctorum.

418 2396 499 2441 Cap.
517 2395 588 2429 VH.
605 2415 648 2419 —-
680 2395 708 2428 1.
725 2394 776 2427 De
792 2394 1051 2428 Valentinianis.
1083 2395 1286 2428 Valentinus
1308 2394 1397 2429 Men.
1478 2392 1508 2426 2.
1534 2395 1809 2427 consummatam
1833 2393 1897 2426 alii

350 2442 381 2475 3.
399 2442 651 2475 innominatam
668 2440 884 2474 altitudinem
900 2450 1065 2484 magnam
1082 2454 1150 2483 eyo.
1170 2441 1204 2473 in
1222 2440 1438 2473 innominata
1453 2438 1632 2472 altitudine
1648 2449 1817 2483 magnum
1836 2437 1896 2471 Co-

352 2489 443 2520 teler.
463 2487 559 2521 Eccl.
581 2488 704 2519 Graec.
722 2486 866 2518 Manum.
885 2491 958 2518 tom.
977 2486 1012 2525 I,
1032 2498 1068 2529 p.
1088 2485 1163 2518 767.
1189 2485 1405 2519 innominata
1425 2484 1644 2517 multitudine
1661 2494 1792 2528 magna
1806 2483 1896 2516 Men.

350 2534 382 2566 4.
399 2533 631 2566 continentem
649 2531 787 2565 Coteler.
806 2532 826 2564 l.
841 2532 863 2564 l.
931 2530 962 2563 5.
981 2535 1041 2563 aut
1057 2543 1126 2574 eqo.
1144 2535 1178 2564 et
1195 2531 1334 2564 Coteler.
1353 2532 1374 2566 l.
1390 2532 1411 2565 l.
1430 2534 1469 2563 ut
1484 2530 1573 2562 Men.
1643 2529 1673 2562 6.
1691 2528 1895 2573 Monogeni-

351 2583 406 2611 tus
426 2580 564 2611 Coteler.
583 2579 603 2611 l.
619 2579 639 2611 l.
658 2576 855 2621 monogniti
871 2576 959 2608 Men.
1031 2575 1060 2609 7.
1078 2577 1132 2609 cui
1151 2577 1289 2609 coteler.
1309 2577 1330 2610 l.
1346 2577 1368 2610 l.
1388 2576 1447 2620 qui
1462 2575 1553 2610 Men.
1624 2574 1656 2608 8.
1673 2574 1706 2608 id
1724 2577 1776 2608 est
1793 2573 1893 2606 Cozel.

352 2625 373 2658 l.
388 2625 409 2658 l.
428 2623 519 2657 idem
534 2624 624 2658 Men.
697 2623 727 2656 9.
745 2622 788 2655 ad
806 2621 887 2666 quid
906 2621 1044 2655 Coteler.
1062 2622 1189 2666 aliquid
1206 2622 1366 2655 Menarcl.
1445 2620 1494 2654 10.
1514 2620 1663 2653 emissus
1682 2620 1819 2652 Coteler.
1837 2620 1858 2654 l.
1872 2620 1893 2653 l.

356 2670 404 2702 11.
423 2669 538 2702 emisit
556 2669 694 2702 Coteler.
713 2669 732 2701 l.
748 2669 769 2701 l.
792 2668 887 2700 misit
902 2667 989 2700 Men.
1064 2666 1114 2699 12.
1132 2667 1296 2700 emittitur
1319 2666 1515 2711 coniugatio
1542 2666 1680 2699 Coteler.
1697 2665 1718 2698 l.
1732 2666 1753 2698 l,
1770 2663 1896 2697 emittit

350 2715 583 2759 cognitionem
599 2714 688 2747 Men.
761 2713 812 2748 13.
830 2713 902 2746 vita
920 2712 1058 2746 Coteler.
1078 2713 1099 2746 l.
1116 2714 1137 2744 l.
1158 2713 1266 2745 vitam
1282 2712 1372 2746 Men.
1454 2711 1504 2745 14.
1523 2714 1558 2744 et
1579 2710 1733 2743 Ecclesia
1754 2708 1893 2742 Coteler.

351 2761 372 2792 l.
386 2762 408 2793 l.
425 2760 578 2793 Ecclesia
595 2760 684 2792 Men.
773 2759 824 2792 15.
836 2759 916 2792 Vita
934 2758 1071 2791 Coteler.
1091 2759 1111 2791 l.
1126 2759 1146 2790 l.
1163 2758 1270 2791 vitam
1286 2758 1375 2790 Men.
1464 2757 1514 2790 16.
1529 2754 1652 2793 Αἶῶνας
1673 2752 1837 2798 Bythium
1860 2759 1895 2788 et.

349 2806 486 2846 Mixim,
503 2805 679 2849 Ageraton
696 2808 730 2838 et
744 2804 909 2838 Henosim
928 2803 1067 2837 Coteler.
1088 2804 1108 2836 l.
1123 2804 1143 2838 l.
1162 2801 1279 2842 αἰῶνας
1296 2813 1316 2836 a
1334 2801 1548 2843 Christianis,
1566 2800 1738 2848 Christum
1755 2797 1892 2845 ἀειγένη-

349 2862 404 2883 τον
422 2855 457 2885 et
471 2850 590 2895 γένεσιν
607 2850 696 2884 Men.

395 2998 427 3033 b.
452 2999 542 3033 filios
558 2997 812 3044 promissionis]
838 2997 936 3032 Rom.
952 2996 1014 3039 IX,
1031 2996 1063 3031 8.
1157 2998 1251 3031 dicit.
1293 2996 1360 3030 Sed
1377 2995 1526 3041 placeret
1547 2991 1711 3027 facillima
1727 2992 1890 3027 correctio

395 3044 476 3089 Cap.
493 3044 565 3080 vn.
590 3065 632 3070 —
659 3055 691 3079 a.
711 3042 823 3088 Σιγὴν]
849 3043 1084 3088 Subiutellege
1154 3041 1244 3087 Σιγὴ.
