<?xml version="1.0" encoding="UTF-8"?>
<!DOCTYPE html PUBLIC "-//W3C//DTD XHTML 1.0 Transitional//EN"
    "http://www.w3.org/TR/xhtml1/DTD/xhtml1-transitional.dtd">
<html xmlns="http://www.w3.org/1999/xhtml" xml:lang="en" lang="en">
 <head>
  <title>
</title>
<meta http-equiv="Content-Type" content="text/html;charset=utf-8" />
  <meta name='ocr-system' content='tesseract 3.04.00' />
  <meta name='ocr-capabilities' content='ocr_page ocr_carea ocr_par ocr_line ocrx_word'/>
</head>
<body>
  <div class='ocr_page' id='page_1' title='image "./corporishaereseo01epipuoft_0287.png"; bbox 0 0 2052 3374; ppageno 0'>
   <div class='ocr_carea' id='block_1_1' title="bbox 776 184 1686 224">
    <p class='ocr_par' dir='ltr' id='par_1_1' title="bbox 776 184 1686 224">
     <span class='ocr_line' id='line_1_1' title="bbox 776 184 1686 224; baseline 0.001 -14"><span class='ocrx_word' id='word_1_1' title='bbox 776 184 889 210; x_wconf 71' lang='lat' dir='ltr'>mmm</span> <span class='ocrx_word' id='word_1_2' title='bbox 906 184 1052 210; x_wconf 81' lang='lat' dir='ltr'>PRIMUS.</span> <span class='ocrx_word' id='word_1_3' title='bbox 1606 184 1686 224; x_wconf 79' lang='lat'><strong>&lt;265</strong></span> 
     </span>
    </p>
   </div>
   <div class='ocr_carea' id='block_1_2' title="bbox 130 286 1976 3162">
    <p class='ocr_par' dir='ltr' id='par_1_2' title="bbox 133 286 1687 1374">
     <span class='ocr_line' id='line_1_2' title="bbox 140 286 1687 344; baseline -0.002 -13"><span class='ocrx_word' id='word_1_4' title='bbox 140 302 235 331; x_wconf 86' lang='lat' dir='ltr'>cum</span> <span class='ocrx_word' id='word_1_5' title='bbox 255 290 340 330; x_wconf 91' lang='lat' dir='ltr'>sint</span> <span class='ocrx_word' id='word_1_6' title='bbox 357 290 515 344; x_wconf 80' lang='lat' dir='ltr'>priores</span> <span class='ocrx_word' id='word_1_7' title='bbox 537 302 643 344; x_wconf 91' lang='lat' dir='ltr'>pene</span> <span class='ocrx_word' id='word_1_8' title='bbox 665 289 856 331; x_wconf 90' lang='lat' dir='ltr'>omnibus</span> <span class='ocrx_word' id='word_1_9' title='bbox 877 288 1111 341; x_wconf 88' lang='lat' dir='ltr'>haereticis,</span> <span class='ocrx_word' id='word_1_10' title='bbox 1132 302 1243 329; x_wconf 91' lang='lat' dir='ltr'>nunc</span> <span class='ocrx_word' id='word_1_11' title='bbox 1259 289 1412 329; x_wconf 86' lang='lat' dir='ltr'>nostris</span> <span class='ocrx_word' id='word_1_12' title='bbox 1428 286 1687 343; x_wconf 76' lang='lat' dir='ltr'>temporibus</span> 
     </span>
     <span class='ocr_line' id='line_1_3' title="bbox 140 357 1687 412; baseline -0.001 -14"><span class='ocrx_word' id='word_1_13' title='bbox 140 357 260 399; x_wconf 84' lang='lat' dir='ltr'>finiti.</span> <span class='ocrx_word' id='word_1_14' title='bbox 309 357 384 398; x_wconf 87' lang='lat' dir='ltr'>Isti</span> <span class='ocrx_word' id='word_1_15' title='bbox 406 371 457 398; x_wconf 83' lang='lat' dir='ltr'>ex</span> <span class='ocrx_word' id='word_1_16' title='bbox 477 358 559 399; x_wconf 86' lang='lat' dir='ltr'>silio</span> <span class='ocrx_word' id='word_1_17' title='bbox 581 358 696 399; x_wconf 84' lang='lat' dir='ltr'>Adae</span> <span class='ocrx_word' id='word_1_18' title='bbox 720 358 799 399; x_wconf 88' lang='lat' dir='ltr'>sibi</span> <span class='ocrx_word' id='word_1_19' title='bbox 819 359 1000 398; x_wconf 90' lang='lat' dir='ltr'>nominis</span> <span class='ocrx_word' id='word_1_20' title='bbox 1033 357 1331 398; x_wconf 75' lang='lat' dir='ltr'>derivationem</span> <span class='ocrx_word' id='word_1_21' title='bbox 1353 357 1687 412; x_wconf 86' lang='lat' dir='ltr'>adsumpserant,</span> 
     </span>
     <span class='ocr_line' id='line_1_4' title="bbox 138 425 1684 468; baseline -0.001 -2"><span class='ocrx_word' id='word_1_22' title='bbox 138 425 182 466; x_wconf 90' lang='lat' dir='ltr'>id</span> <span class='ocrx_word' id='word_1_23' title='bbox 203 429 266 466; x_wconf 90' lang='lat' dir='ltr'>est</span> <span class='ocrx_word' id='word_1_24' title='bbox 286 426 336 466; x_wconf 88' lang='lat' dir='ltr'>ab</span> <span class='ocrx_word' id='word_1_25' title='bbox 358 426 465 467; x_wconf 90' lang='lat' dir='ltr'>Abel</span> <span class='ocrx_word' id='word_1_26' title='bbox 486 426 699 468; x_wconf 82' lang='lat' dir='ltr'>Abeloitas</span> <span class='ocrx_word' id='word_1_27' title='bbox 723 441 765 467; x_wconf 91' lang='lat' dir='ltr'>se</span> <span class='ocrx_word' id='word_1_28' title='bbox 788 428 990 467; x_wconf 85' lang='lat' dir='ltr'>nominari</span> <span class='ocrx_word' id='word_1_29' title='bbox 1011 426 1242 467; x_wconf 69' lang='lat' dir='ltr'>voluerunt.</span> <span class='ocrx_word' id='word_1_30' title='bbox 1276 426 1328 466; x_wconf 92' lang='lat' dir='ltr'>Hi</span> <span class='ocrx_word' id='word_1_31' title='bbox 1349 440 1431 466; x_wconf 92' lang='lat' dir='ltr'>non</span> <span class='ocrx_word' id='word_1_32' title='bbox 1447 425 1684 466; x_wconf 88' lang='lat' dir='ltr'>misceban-</span> 
     </span>
     <span class='ocr_line' id='line_1_5' title="bbox 137 494 1685 549; baseline 0 -15"><span class='ocrx_word' id='word_1_33' title='bbox 137 497 205 535; x_wconf 90' lang='lat' dir='ltr'>tur</span> <span class='ocrx_word' id='word_1_34' title='bbox 223 494 436 548; x_wconf 78' lang='lat' dir='ltr'>uxoribus,</span> <span class='ocrx_word' id='word_1_35' title='bbox 459 499 499 535; x_wconf 88' lang='lat' dir='ltr'>et</span> <span class='ocrx_word' id='word_1_36' title='bbox 518 499 659 536; x_wconf 88' lang='lat' dir='ltr'>tamen</span> <span class='ocrx_word' id='word_1_37' title='bbox 682 509 764 536; x_wconf 92' lang='lat' dir='ltr'>non</span> <span class='ocrx_word' id='word_1_38' title='bbox 785 495 937 537; x_wconf 87' lang='lat' dir='ltr'>licebat</span> <span class='ocrx_word' id='word_1_39' title='bbox 959 498 1095 535; x_wconf 88' lang='lat' dir='ltr'>sectae</span> <span class='ocrx_word' id='word_1_40' title='bbox 1118 496 1198 549; x_wconf 88' lang='lat' dir='ltr'>ipsi</span> <span class='ocrx_word' id='word_1_41' title='bbox 1226 498 1271 535; x_wconf 92' lang='lat' dir='ltr'>ut</span> <span class='ocrx_word' id='word_1_42' title='bbox 1293 496 1381 535; x_wconf 88' lang='lat' dir='ltr'>sine</span> <span class='ocrx_word' id='word_1_43' title='bbox 1404 494 1601 535; x_wconf 75' lang='lat' dir='ltr'>uxoribus</span> <span class='ocrx_word' id='word_1_44' title='bbox 1622 495 1685 534; x_wconf 81' lang='lat' dir='ltr'>vi-</span> 
     </span>
     <span class='ocr_line' id='line_1_6' title="bbox 136 561 1686 618; baseline 0 -15"><span class='ocrx_word' id='word_1_45' title='bbox 136 566 292 605; x_wconf 83' lang='lat' dir='ltr'>verent.</span> <span class='ocrx_word' id='word_1_46' title='bbox 349 563 437 604; x_wconf 86' lang='lat' dir='ltr'>Mas</span> <span class='ocrx_word' id='word_1_47' title='bbox 469 577 562 616; x_wconf 91' lang='lat' dir='ltr'>ergo</span> <span class='ocrx_word' id='word_1_48' title='bbox 593 568 633 605; x_wconf 91' lang='lat' dir='ltr'>et</span> <span class='ocrx_word' id='word_1_49' title='bbox 659 565 834 616; x_wconf 82' lang='lat' dir='ltr'>semina,</span> <span class='ocrx_word' id='word_1_50' title='bbox 864 563 940 604; x_wconf 89' lang='lat' dir='ltr'>sub</span> <span class='ocrx_word' id='word_1_51' title='bbox 970 564 1249 604; x_wconf 77' lang='lat' dir='ltr'>continentiae</span> <span class='ocrx_word' id='word_1_52' title='bbox 1278 564 1534 618; x_wconf 82' lang='lat' dir='ltr'>professione</span> <span class='ocrx_word' id='word_1_53' title='bbox 1564 561 1686 603; x_wconf 90' lang='lat' dir='ltr'>simul</span> 
     </span>
     <span class='ocr_line' id='line_1_7' title="bbox 136 630 1685 687; baseline 0.001 -16"><span class='ocrx_word' id='word_1_54' title='bbox 136 630 373 672; x_wconf 76' lang='lat' dir='ltr'>habitantes</span> <span class='ocrx_word' id='word_1_55' title='bbox 393 646 567 687; x_wconf 88' lang='lat' dir='ltr'>puerum</span> <span class='ocrx_word' id='word_1_56' title='bbox 589 637 629 673; x_wconf 89' lang='grc'>01</span> <span class='ocrx_word' id='word_1_57' title='bbox 649 632 831 687; x_wconf 85' lang='lat' dir='ltr'>puellam</span> <span class='ocrx_word' id='word_1_58' title='bbox 852 631 931 672; x_wconf 89' lang='lat' dir='ltr'>sibi</span> <span class='ocrx_word' id='word_1_59' title='bbox 953 631 1222 686; x_wconf 81' lang='lat' dir='ltr'>adoptabant,</span> <span class='ocrx_word' id='word_1_60' title='bbox 1243 633 1286 672; x_wconf 91' lang='lat' dir='ltr'>in</span> <span class='ocrx_word' id='word_1_61' title='bbox 1303 632 1491 673; x_wconf 88' lang='lat' dir='ltr'>eiusdem</span> <span class='ocrx_word' id='word_1_62' title='bbox 1512 633 1685 673; x_wconf 84' lang='lat' dir='ltr'>coniun-</span> 
     </span>
     <span class='ocr_line' id='line_1_8' title="bbox 137 700 1684 755; baseline 0.001 -15"><span class='ocrx_word' id='word_1_63' title='bbox 137 701 287 741; x_wconf 88' lang='lat' dir='ltr'>ctionis</span> <span class='ocrx_word' id='word_1_64' title='bbox 308 705 428 755; x_wconf 89' lang='lat' dir='ltr'>paeto</span> <span class='ocrx_word' id='word_1_65' title='bbox 451 715 712 742; x_wconf 84' lang='lat' dir='ltr'>successores</span> <span class='ocrx_word' id='word_1_66' title='bbox 733 701 906 741; x_wconf 88' lang='lat' dir='ltr'>futuros.</span> <span class='ocrx_word' id='word_1_67' title='bbox 936 700 1066 741; x_wconf 86' lang='lat' dir='ltr'>Morte</span> <span class='ocrx_word' id='word_1_68' title='bbox 1088 702 1325 755; x_wconf 74' lang='lat' dir='ltr'>praeventis</span> <span class='ocrx_word' id='word_1_69' title='bbox 1345 701 1574 754; x_wconf 87' lang='lat' dir='ltr'>quibusque</span> <span class='ocrx_word' id='word_1_70' title='bbox 1598 700 1684 741; x_wconf 88' lang='lat' dir='ltr'>sin-</span> 
     </span>
     <span class='ocr_line' id='line_1_9' title="bbox 136 768 1685 824; baseline 0.001 -16"><span class='ocrx_word' id='word_1_71' title='bbox 136 768 242 822; x_wconf 87' lang='lat' dir='ltr'>gulis</span> <span class='ocrx_word' id='word_1_72' title='bbox 264 768 335 809; x_wconf 90' lang='lat' dir='ltr'>alii</span> <span class='ocrx_word' id='word_1_73' title='bbox 357 769 700 823; x_wconf 74' lang='lat' dir='ltr'>subrogabantur,</span> <span class='ocrx_word' id='word_1_74' title='bbox 732 769 830 810; x_wconf 88' lang='lat' dir='ltr'>dum</span> <span class='ocrx_word' id='word_1_75' title='bbox 850 773 990 809; x_wconf 85' lang='lat' dir='ltr'>tamen</span> <span class='ocrx_word' id='word_1_76' title='bbox 1014 769 1091 809; x_wconf 90' lang='lat' dir='ltr'>duo</span> <span class='ocrx_word' id='word_1_77' title='bbox 1116 769 1275 810; x_wconf 88' lang='lat' dir='ltr'>duobus</span> <span class='ocrx_word' id='word_1_78' title='bbox 1298 769 1474 824; x_wconf 86' lang='lat' dir='ltr'>disparis</span> <span class='ocrx_word' id='word_1_79' title='bbox 1497 783 1620 810; x_wconf 81' lang='lat' dir='ltr'>sexus</span> <span class='ocrx_word' id='word_1_80' title='bbox 1642 770 1685 809; x_wconf 93' lang='lat' dir='ltr'>in</span> 
     </span>
     <span class='ocr_line' id='line_1_10' title="bbox 136 836 1683 892; baseline 0.001 -15"><span class='ocrx_word' id='word_1_81' title='bbox 136 836 247 878; x_wconf 88' lang='lat' dir='ltr'>illius</span> <span class='ocrx_word' id='word_1_82' title='bbox 269 837 415 879; x_wconf 86' lang='lat' dir='ltr'>domus</span> <span class='ocrx_word' id='word_1_83' title='bbox 438 840 635 880; x_wconf 86' lang='lat' dir='ltr'>societate</span> <span class='ocrx_word' id='word_1_84' title='bbox 659 837 943 880; x_wconf 85' lang='lat' dir='ltr'>succederent.</span> <span class='ocrx_word' id='word_1_85' title='bbox 994 837 1202 879; x_wconf 86' lang='lat' dir='ltr'>Utrolibet</span> <span class='ocrx_word' id='word_1_86' title='bbox 1231 839 1382 892; x_wconf 85' lang='lat' dir='ltr'>quippe</span> <span class='ocrx_word' id='word_1_87' title='bbox 1411 842 1583 892; x_wconf 85' lang='lat' dir='ltr'>parente</span> <span class='ocrx_word' id='word_1_88' title='bbox 1613 838 1683 878; x_wconf 89' lang='grc'><strong>110-</strong></span> 
     </span>
     <span class='ocr_line' id='line_1_11' title="bbox 135 904 1684 961; baseline 0 -15"><span class='ocrx_word' id='word_1_89' title='bbox 135 904 278 947; x_wconf 88' lang='lat' dir='ltr'>suncto</span> <span class='ocrx_word' id='word_1_90' title='bbox 298 908 371 947; x_wconf 90' lang='lat' dir='ltr'>uni</span> <span class='ocrx_word' id='word_1_91' title='bbox 392 908 624 948; x_wconf 85' lang='lat' dir='ltr'>remanenti</span> <span class='ocrx_word' id='word_1_92' title='bbox 645 921 775 961; x_wconf 89' lang='lat' dir='ltr'>usque</span> <span class='ocrx_word' id='word_1_93' title='bbox 797 906 849 947; x_wconf 89' lang='lat' dir='ltr'>ad</span> <span class='ocrx_word' id='word_1_94' title='bbox 871 907 958 947; x_wconf 90' lang='lat' dir='ltr'>eius</span> <span class='ocrx_word' id='word_1_95' title='bbox 981 920 1142 960; x_wconf 88' lang='lat' dir='ltr'>quoque</span> <span class='ocrx_word' id='word_1_96' title='bbox 1166 906 1324 947; x_wconf 88' lang='lat' dir='ltr'>obitum</span> <span class='ocrx_word' id='word_1_97' title='bbox 1341 906 1414 946; x_wconf 88' lang='lat' dir='ltr'>filii</span> <span class='ocrx_word' id='word_1_98' title='bbox 1431 906 1684 957; x_wconf 72' lang='lat' dir='ltr'>scrviebant3</span> 
     </span>
     <span class='ocr_line' id='line_1_12' title="bbox 134 973 1684 1030; baseline -0.001 -15"><span class='ocrx_word' id='word_1_99' title='bbox 134 977 229 1028; x_wconf 89' lang='lat' dir='ltr'>post</span> <span class='ocrx_word' id='word_1_100' title='bbox 251 973 567 1017; x_wconf 56' lang='lat' dir='ltr'>cuius&#39;mortem</span> <span class='ocrx_word' id='word_1_101' title='bbox 592 978 718 1016; x_wconf 86' lang='lat' dir='ltr'>etiam</span> <span class='ocrx_word' id='word_1_102' title='bbox 746 976 826 1030; x_wconf 83' lang='lat' dir='ltr'>ipsi</span> <span class='ocrx_word' id='word_1_103' title='bbox 847 989 1021 1029; x_wconf 89' lang='lat' dir='ltr'>puerum</span> <span class='ocrx_word' id='word_1_104' title='bbox 1044 979 1083 1015; x_wconf 93' lang='lat' dir='ltr'>et</span> <span class='ocrx_word' id='word_1_105' title='bbox 1098 974 1281 1029; x_wconf 80' lang='lat' dir='ltr'>puellam</span> <span class='ocrx_word' id='word_1_106' title='bbox 1304 974 1495 1015; x_wconf 86' lang='lat' dir='ltr'>similiter</span> <span class='ocrx_word' id='word_1_107' title='bbox 1511 973 1684 1029; x_wconf 88' lang='lat' dir='ltr'>adopta-</span> 
     </span>
     <span class='ocr_line' id='line_1_13' title="bbox 135 1041 1683 1098; baseline 0.001 -16"><span class='ocrx_word' id='word_1_108' title='bbox 135 1041 248 1083; x_wconf 84' lang='lat' dir='ltr'>bant.</span> <span class='ocrx_word' id='word_1_109' title='bbox 297 1043 382 1084; x_wconf 87' lang='lat' dir='ltr'>Nec</span> <span class='ocrx_word' id='word_1_110' title='bbox 411 1058 597 1098; x_wconf 89' lang='lat' dir='ltr'>unquam</span> <span class='ocrx_word' id='word_1_111' title='bbox 626 1045 685 1086; x_wconf 90' lang='grc'>013</span> <span class='ocrx_word' id='word_1_112' title='bbox 715 1044 846 1085; x_wconf 84' lang='lat' dir='ltr'>defuit</span> <span class='ocrx_word' id='word_1_113' title='bbox 865 1043 975 1084; x_wconf 87' lang='lat' dir='ltr'>unde</span> <span class='ocrx_word' id='word_1_114' title='bbox 998 1044 1264 1098; x_wconf 84' lang='lat' dir='ltr'>adoptarent,</span> <span class='ocrx_word' id='word_1_115' title='bbox 1287 1043 1580 1096; x_wconf 81' lang='lat' dir='ltr'>generantibus</span> <span class='ocrx_word' id='word_1_116' title='bbox 1603 1045 1683 1084; x_wconf 88' lang='lat' dir='ltr'>cir-</span> 
     </span>
     <span class='ocr_line' id='line_1_14' title="bbox 136 1111 1683 1167; baseline 0.001 -16"><span class='ocrx_word' id='word_1_117' title='bbox 136 1124 394 1166; x_wconf 84' lang='lat' dir='ltr'>cumquaque</span> <span class='ocrx_word' id='word_1_118' title='bbox 407 1114 570 1166; x_wconf 78' lang='lat' dir='ltr'>vicinis,</span> <span class='ocrx_word' id='word_1_119' title='bbox 592 1117 633 1154; x_wconf 91' lang='lat' dir='ltr'>et</span> <span class='ocrx_word' id='word_1_120' title='bbox 654 1113 758 1154; x_wconf 80' lang='grc'><strong>111103</strong></span> <span class='ocrx_word' id='word_1_121' title='bbox 781 1126 876 1153; x_wconf 88' lang='grc'><strong>31103</strong></span> <span class='ocrx_word' id='word_1_122' title='bbox 898 1113 1043 1167; x_wconf 88' lang='lat' dir='ltr'>inopes</span> <span class='ocrx_word' id='word_1_123' title='bbox 1062 1112 1113 1153; x_wconf 89' lang='lat' dir='ltr'>ad</span> <span class='ocrx_word' id='word_1_124' title='bbox 1126 1126 1243 1167; x_wconf 88' lang='lat' dir='ltr'>spem</span> <span class='ocrx_word' id='word_1_125' title='bbox 1259 1111 1502 1153; x_wconf 87' lang='lat' dir='ltr'>hereditatis</span> <span class='ocrx_word' id='word_1_126' title='bbox 1524 1112 1683 1153; x_wconf 85' lang='lat' dir='ltr'>alienae</span> 
     </span>
     <span class='ocr_line' id='line_1_15' title="bbox 134 1179 1681 1235; baseline 0.001 -15"><span class='ocrx_word' id='word_1_127' title='bbox 134 1179 313 1221; x_wconf 87' lang='lat' dir='ltr'>libenter</span> <span class='ocrx_word' id='word_1_128' title='bbox 334 1181 543 1222; x_wconf 87' lang='lat' dir='ltr'>dantibus.</span> <span class='ocrx_word' id='word_1_129' title='bbox 594 1182 704 1223; x_wconf 89' lang='lat' dir='ltr'>Haec</span> <span class='ocrx_word' id='word_1_130' title='bbox 735 1181 821 1223; x_wconf 88' lang='lat' dir='ltr'>sola</span> <span class='ocrx_word' id='word_1_131' title='bbox 853 1185 940 1222; x_wconf 90' lang='lat' dir='ltr'>erat</span> <span class='ocrx_word' id='word_1_132' title='bbox 966 1183 1074 1222; x_wconf 87' lang='lat' dir='ltr'>inter</span> <span class='ocrx_word' id='word_1_133' title='bbox 1102 1195 1178 1222; x_wconf 90' lang='lat' dir='ltr'>nos</span> <span class='ocrx_word' id='word_1_134' title='bbox 1206 1184 1329 1235; x_wconf 88' lang='lat' dir='ltr'>atque</span> <span class='ocrx_word' id='word_1_135' title='bbox 1357 1181 1449 1221; x_wconf 93' lang='lat' dir='ltr'>illos</span> <span class='ocrx_word' id='word_1_136' title='bbox 1472 1180 1681 1222; x_wconf 86' lang='lat' dir='ltr'>distantia.</span> 
     </span>
     <span class='ocr_line' id='line_1_16' title="bbox 134 1248 1682 1304; baseline 0.001 -15"><span class='ocrx_word' id='word_1_137' title='bbox 134 1248 182 1290; x_wconf 93' lang='lat' dir='ltr'>In</span> <span class='ocrx_word' id='word_1_138' title='bbox 204 1262 282 1302; x_wconf 90' lang='lat' dir='ltr'>quo</span> <span class='ocrx_word' id='word_1_139' title='bbox 304 1254 468 1292; x_wconf 88' lang='lat' dir='ltr'>nostros</span> <span class='ocrx_word' id='word_1_140' title='bbox 490 1250 719 1304; x_wconf 83' lang='lat' dir='ltr'>arguebant</span> <span class='ocrx_word' id='word_1_141' title='bbox 747 1252 805 1291; x_wconf 89' lang='lat' dir='ltr'>ita</span> <span class='ocrx_word' id='word_1_142' title='bbox 826 1264 908 1291; x_wconf 90' lang='lat' dir='ltr'>non</span> <span class='ocrx_word' id='word_1_143' title='bbox 928 1252 972 1290; x_wconf 90' lang='lat' dir='ltr'>in</span> <span class='ocrx_word' id='word_1_144' title='bbox 993 1249 1082 1303; x_wconf 87' lang='lat' dir='ltr'>lege</span> <span class='ocrx_word' id='word_1_145' title='bbox 1103 1253 1247 1291; x_wconf 86' lang='lat' dir='ltr'>nostra</span> <span class='ocrx_word' id='word_1_146' title='bbox 1268 1252 1452 1292; x_wconf 79' lang='lat' dir='ltr'>exerceri</span> <span class='ocrx_word' id='word_1_147' title='bbox 1481 1251 1682 1304; x_wconf 84' lang='lat' dir='ltr'>coniugia,</span> 
     </span>
     <span class='ocr_line' id='line_1_17' title="bbox 133 1318 1181 1374; baseline 0.002 -16"><span class='ocrx_word' id='word_1_148' title='bbox 133 1321 180 1359; x_wconf 88' lang='lat' dir='ltr'>ut</span> <span class='ocrx_word' id='word_1_149' title='bbox 199 1321 241 1359; x_wconf 91' lang='lat' dir='ltr'>et</span> <span class='ocrx_word' id='word_1_150' title='bbox 262 1320 332 1372; x_wconf 93' lang='lat' dir='ltr'>qui</span> <span class='ocrx_word' id='word_1_151' title='bbox 351 1318 515 1360; x_wconf 91' lang='lat' dir='ltr'>nubunt</span> <span class='ocrx_word' id='word_1_152' title='bbox 533 1322 733 1374; x_wconf 80' lang='lat' dir='ltr'>tanquam</span> <span class='ocrx_word' id='word_1_153' title='bbox 754 1333 835 1360; x_wconf 90' lang='grc'><strong>11011</strong></span> <span class='ocrx_word' id='word_1_154' title='bbox 858 1319 1064 1360; x_wconf 88' lang='lat' dir='ltr'>nubentes</span> <span class='ocrx_word' id='word_1_155' title='bbox 1086 1321 1181 1360; x_wconf 84' lang='lat' dir='ltr'>sint.</span> 
     </span>
    </p>

    <p class='ocr_par' dir='ltr' id='par_1_3' title="bbox 130 1386 1976 3162">
     <span class='ocr_line' id='line_1_18' title="bbox 219 1386 1976 1442; baseline 0.001 -14"><span class='ocrx_word' id='word_1_156' title='bbox 219 1386 524 1442; x_wconf 84' lang='lat' dir='ltr'>Octogesimam</span> <span class='ocrx_word' id='word_1_157' title='bbox 546 1392 587 1429; x_wconf 90' lang='lat' dir='ltr'>et</span> <span class='ocrx_word' id='word_1_158' title='bbox 609 1392 798 1430; x_wconf 84' lang='lat' dir='ltr'>octavam</span> <span class='ocrx_word' id='word_1_159' title='bbox 818 1388 1024 1429; x_wconf 90' lang='lat' dir='ltr'>haeresim</span> <span class='ocrx_word' id='word_1_160' title='bbox 1051 1390 1095 1429; x_wconf 90' lang='lat' dir='ltr'>in</span> <span class='ocrx_word' id='word_1_161' title='bbox 1115 1388 1281 1441; x_wconf 87' lang='lat' dir='ltr'>Pelagio</span> <span class='ocrx_word' id='word_1_162' title='bbox 1311 1402 1354 1429; x_wconf 86' lang='lat' dir='ltr'>se</span> <span class='ocrx_word' id='word_1_163' title='bbox 1384 1387 1595 1430; x_wconf 76' lang='lat' dir='ltr'>invenisse</span> <span class='ocrx_word' id='word_1_164' title='bbox 1618 1402 1684 1430; x_wconf 85' lang='lat' dir='ltr'>se·</span> <span class='ocrx_word' id='word_1_165' title='bbox 1715 1404 1780 1437; x_wconf 59' lang='lat' dir='ltr'>cap.</span> <span class='ocrx_word' id='word_1_166' title='bbox 1801 1404 1976 1431; x_wconf 68' lang='lat' dir='ltr'>Lxxxvm.</span> 
     </span>
     <span class='ocr_line' id='line_1_19' title="bbox 135 1454 1684 1512; baseline 0.002 -16"><span class='ocrx_word' id='word_1_167' title='bbox 135 1454 207 1496; x_wconf 89' lang='lat' dir='ltr'>des</span> <span class='ocrx_word' id='word_1_168' title='bbox 228 1455 457 1510; x_wconf 88' lang='lat' dir='ltr'>apostolica</span> <span class='ocrx_word' id='word_1_169' title='bbox 478 1457 555 1498; x_wconf 89' lang='lat' dir='ltr'>sub</span> <span class='ocrx_word' id='word_1_170' title='bbox 576 1471 685 1512; x_wconf 81' lang='lat' dir='ltr'>papa</span> <span class='ocrx_word' id='word_1_171' title='bbox 708 1461 850 1498; x_wconf 88' lang='lat' dir='ltr'>sancto</span> <span class='ocrx_word' id='word_1_172' title='bbox 873 1458 1115 1499; x_wconf 83' lang='lat' dir='ltr'>Innocentio</span> <span class='ocrx_word' id='word_1_173' title='bbox 1147 1457 1306 1510; x_wconf 87' lang='lat' dir='ltr'>docuit,</span> <span class='ocrx_word' id='word_1_174' title='bbox 1336 1457 1434 1498; x_wconf 92' lang='lat' dir='ltr'>dum</span> <span class='ocrx_word' id='word_1_175' title='bbox 1456 1457 1684 1499; x_wconf 83' lang='lat' dir='ltr'>Caelestius</span> 
     </span>
     <span class='ocr_line' id='line_1_20' title="bbox 133 1523 1683 1582; baseline 0.001 -17"><span class='ocrx_word' id='word_1_176' title='bbox 133 1523 290 1578; x_wconf 84' lang='lat' dir='ltr'>Pelagii</span> <span class='ocrx_word' id='word_1_177' title='bbox 317 1524 544 1580; x_wconf 88' lang='lat' dir='ltr'>discipulus</span> <span class='ocrx_word' id='word_1_178' title='bbox 572 1525 682 1581; x_wconf 87' lang='lat' dir='ltr'>apud</span> <span class='ocrx_word' id='word_1_179' title='bbox 711 1525 1003 1579; x_wconf 74' lang='lat' dir='ltr'>Carthaginem</span> <span class='ocrx_word' id='word_1_180' title='bbox 1032 1526 1199 1568; x_wconf 89' lang='lat' dir='ltr'>doceret</span> <span class='ocrx_word' id='word_1_181' title='bbox 1225 1540 1347 1582; x_wconf 88' lang='lat' dir='ltr'>posse</span> <span class='ocrx_word' id='word_1_182' title='bbox 1376 1526 1565 1569; x_wconf 89' lang='lat' dir='ltr'>homines</span> <span class='ocrx_word' id='word_1_183' title='bbox 1595 1528 1683 1568; x_wconf 87' lang='lat' dir='ltr'>sine</span> 
     </span>
     <span class='ocr_line' id='line_1_21' title="bbox 132 1594 1682 1651; baseline 0.002 -17"><span class='ocrx_word' id='word_1_184' title='bbox 132 1596 305 1648; x_wconf 86' lang='lat' dir='ltr'>peccato</span> <span class='ocrx_word' id='word_1_185' title='bbox 328 1607 440 1647; x_wconf 88' lang='lat' dir='ltr'>esse,</span> <span class='ocrx_word' id='word_1_186' title='bbox 461 1598 610 1635; x_wconf 89' lang='lat' dir='ltr'>natura</span> <span class='ocrx_word' id='word_1_187' title='bbox 631 1594 711 1635; x_wconf 90' lang='lat' dir='ltr'>sibi</span> <span class='ocrx_word' id='word_1_188' title='bbox 733 1594 965 1635; x_wconf 87' lang='lat' dir='ltr'>sufficiente</span> <span class='ocrx_word' id='word_1_189' title='bbox 987 1594 1074 1636; x_wconf 89' lang='lat' dir='ltr'>sola</span> <span class='ocrx_word' id='word_1_190' title='bbox 1094 1595 1289 1637; x_wconf 88' lang='lat' dir='ltr'>humana.</span> <span class='ocrx_word' id='word_1_191' title='bbox 1340 1595 1512 1637; x_wconf 85' lang='lat' dir='ltr'>Restitit</span> <span class='ocrx_word' id='word_1_192' title='bbox 1533 1596 1571 1637; x_wconf 89' lang='lat' dir='ltr'>ei</span> <span class='ocrx_word' id='word_1_193' title='bbox 1592 1596 1682 1651; x_wconf 87' lang='lat' dir='ltr'>qui-</span> 
     </span>
     <span class='ocr_line' id='line_1_22' title="bbox 134 1660 1682 1719; baseline 0.003 -17"><span class='ocrx_word' id='word_1_194' title='bbox 134 1660 231 1702; x_wconf 84' lang='lat' dir='ltr'>dam</span> <span class='ocrx_word' id='word_1_195' title='bbox 249 1661 449 1704; x_wconf 88' lang='lat' dir='ltr'>Paulinus</span> <span class='ocrx_word' id='word_1_196' title='bbox 472 1663 691 1716; x_wconf 86' lang='lat' dir='ltr'>diaconus,</span> <span class='ocrx_word' id='word_1_197' title='bbox 721 1663 914 1704; x_wconf 86' lang='lat' dir='ltr'>defensor</span> <span class='ocrx_word' id='word_1_198' title='bbox 937 1667 978 1704; x_wconf 90' lang='lat' dir='ltr'>et</span> <span class='ocrx_word' id='word_1_199' title='bbox 997 1668 1240 1719; x_wconf 88' lang='lat' dir='ltr'>procurator</span> <span class='ocrx_word' id='word_1_200' title='bbox 1261 1664 1461 1706; x_wconf 86' lang='lat' dir='ltr'>ecclesiae</span> <span class='ocrx_word' id='word_1_201' title='bbox 1483 1665 1682 1706; x_wconf 87' lang='lat' dir='ltr'>Mediola-</span> 
     </span>
     <span class='ocr_line' id='line_1_23' title="bbox 133 1731 1682 1789; baseline 0.003 -19"><span class='ocrx_word' id='word_1_202' title='bbox 133 1731 291 1784; x_wconf 89' lang='lat' dir='ltr'>nensis,</span> <span class='ocrx_word' id='word_1_203' title='bbox 314 1731 462 1786; x_wconf 85' lang='lat' dir='ltr'>cuique</span> <span class='ocrx_word' id='word_1_204' title='bbox 483 1732 527 1773; x_wconf 90' lang='lat' dir='ltr'>in</span> <span class='ocrx_word' id='word_1_205' title='bbox 550 1736 756 1773; x_wconf 82' lang='lat' dir='ltr'>conventu</span> <span class='ocrx_word' id='word_1_206' title='bbox 778 1732 1041 1774; x_wconf 87' lang='lat' dir='ltr'>sacerdotum</span> <span class='ocrx_word' id='word_1_207' title='bbox 1062 1733 1193 1774; x_wconf 87' lang='lat' dir='ltr'>multa</span> <span class='ocrx_word' id='word_1_208' title='bbox 1215 1733 1396 1789; x_wconf 85' lang='lat' dir='ltr'>capitula</span> <span class='ocrx_word' id='word_1_209' title='bbox 1413 1734 1566 1775; x_wconf 88' lang='lat' dir='ltr'>obiecit</span> <span class='ocrx_word' id='word_1_210' title='bbox 1583 1747 1682 1775; x_wconf 89' lang='lat' dir='ltr'>con—</span> 
     </span>
     <span class='ocr_line' id='line_1_24' title="bbox 132 1799 1683 1857; baseline 0.003 -18"><span class='ocrx_word' id='word_1_211' title='bbox 132 1801 198 1839; x_wconf 87' lang='lat' dir='ltr'>tra</span> <span class='ocrx_word' id='word_1_212' title='bbox 224 1799 350 1841; x_wconf 86' lang='lat' dir='ltr'>fidem</span> <span class='ocrx_word' id='word_1_213' title='bbox 375 1800 646 1853; x_wconf 69' lang='lat' dir='ltr'>catholicam,</span> <span class='ocrx_word' id='word_1_214' title='bbox 675 1814 779 1854; x_wconf 89' lang='lat' dir='ltr'>quae</span> <span class='ocrx_word' id='word_1_215' title='bbox 810 1801 1037 1843; x_wconf 77' lang='lat' dir='ltr'>Caelestius</span> <span class='ocrx_word' id='word_1_216' title='bbox 1067 1801 1263 1844; x_wconf 90' lang='lat' dir='ltr'>damnare</span> <span class='ocrx_word' id='word_1_217' title='bbox 1293 1802 1495 1856; x_wconf 80' lang='lat' dir='ltr'>neglexit,</span> <span class='ocrx_word' id='word_1_218' title='bbox 1525 1803 1683 1857; x_wconf 86' lang='lat' dir='ltr'>dicens,</span> 
     </span>
     <span class='ocr_line' id='line_1_25' title="bbox 131 1865 1684 1925; baseline 0.003 -16"><span class='ocrx_word' id='word_1_219' title='bbox 131 1865 225 1909; x_wconf 86' lang='lat' dir='ltr'>Non</span> <span class='ocrx_word' id='word_1_220' title='bbox 245 1868 298 1910; x_wconf 90' lang='lat' dir='ltr'>ad</span> <span class='ocrx_word' id='word_1_221' title='bbox 317 1883 384 1910; x_wconf 89' lang='lat' dir='ltr'>me</span> <span class='ocrx_word' id='word_1_222' title='bbox 405 1870 586 1924; x_wconf 83' lang='lat' dir='ltr'>pertinet</span> <span class='ocrx_word' id='word_1_223' title='bbox 608 1869 657 1910; x_wconf 85' lang='lat' dir='ltr'>de</span> <span class='ocrx_word' id='word_1_224' title='bbox 678 1870 743 1911; x_wconf 84' lang='lat' dir='ltr'>his</span> <span class='ocrx_word' id='word_1_225' title='bbox 766 1883 869 1924; x_wconf 87' lang='lat' dir='ltr'>quae</span> <span class='ocrx_word' id='word_1_226' title='bbox 892 1870 1058 1924; x_wconf 85' lang='lat' dir='ltr'>obiecit,</span> <span class='ocrx_word' id='word_1_227' title='bbox 1079 1871 1151 1912; x_wconf 91' lang='lat' dir='ltr'>ubi</span> <span class='ocrx_word' id='word_1_228' title='bbox 1179 1885 1319 1913; x_wconf 91' lang='lat' dir='ltr'>meum</span> <span class='ocrx_word' id='word_1_229' title='bbox 1348 1886 1500 1913; x_wconf 91' lang='lat' dir='ltr'>nomen</span> <span class='ocrx_word' id='word_1_230' title='bbox 1530 1876 1614 1925; x_wconf 83' lang='lat' dir='ltr'>est,</span> <span class='ocrx_word' id='word_1_231' title='bbox 1644 1877 1684 1914; x_wconf 87' lang='lat' dir='ltr'>et</span> 
     </span>
     <span class='ocr_line' id='line_1_26' title="bbox 134 1935 1683 1995; baseline 0.004 -18"><span class='ocrx_word' id='word_1_232' title='bbox 134 1935 290 1978; x_wconf 86' lang='lat' dir='ltr'>crimen</span> <span class='ocrx_word' id='word_1_233' title='bbox 310 1937 504 1979; x_wconf 85' lang='lat' dir='ltr'>alienum.</span> <span class='ocrx_word' id='word_1_234' title='bbox 556 1938 673 1979; x_wconf 88' lang='lat' dir='ltr'>Tune</span> <span class='ocrx_word' id='word_1_235' title='bbox 702 1938 761 1979; x_wconf 90' lang='lat' dir='ltr'>illi</span> <span class='ocrx_word' id='word_1_236' title='bbox 788 1938 1026 1980; x_wconf 88' lang='lat' dir='ltr'>obtulerunt</span> <span class='ocrx_word' id='word_1_237' title='bbox 1057 1940 1095 1981; x_wconf 90' lang='lat' dir='ltr'>ei</span> <span class='ocrx_word' id='word_1_238' title='bbox 1122 1940 1249 1982; x_wconf 89' lang='lat' dir='ltr'>libros</span> <span class='ocrx_word' id='word_1_239' title='bbox 1271 1955 1388 1994; x_wconf 78' lang='lat' dir='ltr'>SUOS,</span> <span class='ocrx_word' id='word_1_240' title='bbox 1409 1941 1482 1982; x_wconf 87' lang='lat' dir='ltr'>ubi</span> <span class='ocrx_word' id='word_1_241' title='bbox 1505 1941 1683 1995; x_wconf 85' lang='lat' dir='ltr'>dicebat,</span> 
     </span>
     <span class='ocr_line' id='line_1_27' title="bbox 132 2005 1681 2065; baseline 0.004 -19"><span class='ocrx_word' id='word_1_242' title='bbox 132 2005 266 2059; x_wconf 87' lang='lat' dir='ltr'>ipsam</span> <span class='ocrx_word' id='word_1_243' title='bbox 293 2005 372 2047; x_wconf 89' lang='lat' dir='ltr'>sibi</span> <span class='ocrx_word' id='word_1_244' title='bbox 400 2006 581 2048; x_wconf 88' lang='lat' dir='ltr'>hominis</span> <span class='ocrx_word' id='word_1_245' title='bbox 610 2010 801 2048; x_wconf 85' lang='lat' dir='ltr'>naturam</span> <span class='ocrx_word' id='word_1_246' title='bbox 832 2007 883 2048; x_wconf 85' lang='lat' dir='ltr'>ad</span> <span class='ocrx_word' id='word_1_247' title='bbox 904 2009 1202 2063; x_wconf 87' lang='lat' dir='ltr'>perfectionem</span> <span class='ocrx_word' id='word_1_248' title='bbox 1224 2024 1345 2065; x_wconf 88' lang='lat' dir='ltr'>posse</span> <span class='ocrx_word' id='word_1_249' title='bbox 1367 2010 1576 2064; x_wconf 86' lang='lat' dir='ltr'>sufficere,</span> <span class='ocrx_word' id='word_1_250' title='bbox 1605 2010 1681 2053; x_wconf 90' lang='lat' dir='ltr'>hoc</span> 
     </span>
     <span class='ocr_line' id='line_1_28' title="bbox 133 2075 1681 2135; baseline 0.005 -21"><span class='ocrx_word' id='word_1_251' title='bbox 133 2077 209 2127; x_wconf 88' lang='lat' dir='ltr'>est,</span> <span class='ocrx_word' id='word_1_252' title='bbox 229 2078 391 2116; x_wconf 88' lang='lat' dir='ltr'>tantam</span> <span class='ocrx_word' id='word_1_253' title='bbox 411 2079 550 2130; x_wconf 85' lang='lat' dir='ltr'>potest</span> <span class='ocrx_word' id='word_1_254' title='bbox 570 2075 692 2117; x_wconf 87' lang='lat' dir='ltr'>homo</span> <span class='ocrx_word' id='word_1_255' title='bbox 716 2090 905 2118; x_wconf 76' lang='lat' dir='ltr'>exercere</span> <span class='ocrx_word' id='word_1_256' title='bbox 926 2078 1148 2132; x_wconf 85' lang='lat' dir='ltr'>iustitiam,</span> <span class='ocrx_word' id='word_1_257' title='bbox 1178 2083 1224 2119; x_wconf 89' lang='lat' dir='ltr'>ut</span> <span class='ocrx_word' id='word_1_258' title='bbox 1252 2080 1377 2120; x_wconf 86' lang='lat' dir='ltr'>etiam</span> <span class='ocrx_word' id='word_1_259' title='bbox 1399 2079 1487 2120; x_wconf 90' lang='lat' dir='ltr'>sine</span> <span class='ocrx_word' id='word_1_260' title='bbox 1509 2084 1681 2135; x_wconf 83' lang='lat' dir='ltr'>peccato</span> 
     </span>
     <span class='ocr_line' id='line_1_29' title="bbox 131 2142 1680 2203; baseline 0.005 -20"><span class='ocrx_word' id='word_1_261' title='bbox 131 2142 264 2197; x_wconf 88' lang='lat' dir='ltr'>possit</span> <span class='ocrx_word' id='word_1_262' title='bbox 284 2156 374 2184; x_wconf 87' lang='lat' dir='ltr'>esse</span> <span class='ocrx_word' id='word_1_263' title='bbox 397 2145 432 2184; x_wconf 91' lang='lat' dir='ltr'>si</span> <span class='ocrx_word' id='word_1_264' title='bbox 452 2143 565 2185; x_wconf 86' lang='lat' dir='ltr'>velit.</span> <span class='ocrx_word' id='word_1_265' title='bbox 597 2144 732 2186; x_wconf 83' lang='lat' dir='ltr'>Adam</span> <span class='ocrx_word' id='word_1_266' title='bbox 754 2146 970 2187; x_wconf 84' lang='lat' dir='ltr'>mortalem</span> <span class='ocrx_word' id='word_1_267' title='bbox 988 2148 1155 2200; x_wconf 89' lang='lat' dir='ltr'>sactum,</span> <span class='ocrx_word' id='word_1_268' title='bbox 1177 2149 1246 2202; x_wconf 88' lang='lat' dir='ltr'>qui</span> <span class='ocrx_word' id='word_1_269' title='bbox 1264 2149 1349 2189; x_wconf 83' lang='lat' dir='ltr'>sive</span> <span class='ocrx_word' id='word_1_270' title='bbox 1366 2153 1573 2203; x_wconf 85' lang='lat' dir='ltr'>peccaret,</span> <span class='ocrx_word' id='word_1_271' title='bbox 1595 2149 1680 2190; x_wconf 79' lang='lat' dir='ltr'>sive</span> 
     </span>
     <span class='ocr_line' id='line_1_30' title="bbox 131 2214 1679 2270; baseline 0.005 -19"><span class='ocrx_word' id='word_1_272' title='bbox 131 2225 214 2252; x_wconf 88' lang='lat' dir='ltr'>non</span> <span class='ocrx_word' id='word_1_273' title='bbox 228 2216 435 2266; x_wconf 86' lang='lat' dir='ltr'>peccaret,</span> <span class='ocrx_word' id='word_1_274' title='bbox 457 2217 569 2253; x_wconf 87' lang='lat' dir='ltr'>esset</span> <span class='ocrx_word' id='word_1_275' title='bbox 585 2215 820 2254; x_wconf 84' lang='lat' dir='ltr'>moriturus.</span> <span class='ocrx_word' id='word_1_276' title='bbox 853 2214 920 2256; x_wconf 82' lang='lat' dir='ltr'>Sic</span> <span class='ocrx_word' id='word_1_277' title='bbox 937 2215 1004 2256; x_wconf 82' lang='lat' dir='ltr'>lex</span> <span class='ocrx_word' id='word_1_278' title='bbox 1020 2216 1135 2257; x_wconf 88' lang='lat' dir='ltr'>misit</span> <span class='ocrx_word' id='word_1_279' title='bbox 1151 2216 1203 2257; x_wconf 87' lang='lat' dir='ltr'>ad</span> <span class='ocrx_word' id='word_1_280' title='bbox 1219 2230 1406 2270; x_wconf 89' lang='lat' dir='ltr'>regnum,</span> <span class='ocrx_word' id='word_1_281' title='bbox 1428 2217 1536 2258; x_wconf 88' lang='lat' dir='ltr'>sicut</span> <span class='ocrx_word' id='word_1_282' title='bbox 1553 2232 1679 2259; x_wconf 82' lang='lat' dir='ltr'>evan-</span> 
     </span>
     <span class='ocr_line' id='line_1_31' title="bbox 131 2279 1678 2340; baseline 0.005 -20"><span class='ocrx_word' id='word_1_283' title='bbox 131 2279 249 2334; x_wconf 88' lang='lat' dir='ltr'>gelia.</span> <span class='ocrx_word' id='word_1_284' title='bbox 300 2280 487 2321; x_wconf 87' lang='lat' dir='ltr'>Infantes</span> <span class='ocrx_word' id='word_1_285' title='bbox 515 2282 558 2321; x_wconf 89' lang='lat' dir='ltr'>in</span> <span class='ocrx_word' id='word_1_286' title='bbox 582 2283 872 2324; x_wconf 84' lang='lat' dir='ltr'>remissionem</span> <span class='ocrx_word' id='word_1_287' title='bbox 892 2288 1158 2338; x_wconf 88' lang='lat' dir='ltr'>peccatorum</span> <span class='ocrx_word' id='word_1_288' title='bbox 1182 2285 1450 2340; x_wconf 84' lang='lat' dir='ltr'>baptizandos</span> <span class='ocrx_word' id='word_1_289' title='bbox 1474 2301 1564 2328; x_wconf 89' lang='lat' dir='ltr'>esse</span> <span class='ocrx_word' id='word_1_290' title='bbox 1587 2287 1678 2328; x_wconf 87' lang='grc'><strong>11100</strong></span> 
     </span>
     <span class='ocr_line' id='line_1_32' title="bbox 132 2348 1678 2405; baseline 0.005 -15"><span class='ocrx_word' id='word_1_291' title='bbox 132 2348 390 2401; x_wconf 88' lang='lat' dir='ltr'>confitemur,</span> <span class='ocrx_word' id='word_1_292' title='bbox 411 2354 579 2405; x_wconf 90' lang='lat' dir='ltr'>propter</span> <span class='ocrx_word' id='word_1_293' title='bbox 607 2350 789 2403; x_wconf 82' lang='lat' dir='ltr'>regulam</span> <span class='ocrx_word' id='word_1_294' title='bbox 816 2353 1062 2394; x_wconf 81' lang='lat' dir='ltr'>universalis</span> <span class='ocrx_word' id='word_1_295' title='bbox 1092 2353 1304 2395; x_wconf 89' lang='lat' dir='ltr'>ecclesiae.</span> <span class='ocrx_word' id='word_1_296' title='bbox 1355 2355 1469 2396; x_wconf 82' lang='lat' dir='ltr'>Nihil</span> <span class='ocrx_word' id='word_1_297' title='bbox 1497 2355 1678 2397; x_wconf 80' lang='lat' dir='ltr'>obfuisse</span> 
     </span>
     <span class='ocr_line' id='line_1_33' title="bbox 131 2416 1679 2478; baseline 0.005 -21"><span class='ocrx_word' id='word_1_298' title='bbox 131 2417 271 2471; x_wconf 86' lang='lat' dir='ltr'>generi</span> <span class='ocrx_word' id='word_1_299' title='bbox 291 2416 472 2459; x_wconf 85' lang='lat' dir='ltr'>humano</span> <span class='ocrx_word' id='word_1_300' title='bbox 495 2423 713 2473; x_wconf 85' lang='lat' dir='ltr'>peccatum</span> <span class='ocrx_word' id='word_1_301' title='bbox 734 2419 860 2460; x_wconf 82' lang='lat' dir='ltr'>Adae.</span> <span class='ocrx_word' id='word_1_302' title='bbox 908 2420 1056 2463; x_wconf 88' lang='lat' dir='ltr'>Omnia</span> <span class='ocrx_word' id='word_1_303' title='bbox 1076 2422 1177 2463; x_wconf 84' lang='lat' dir='ltr'>haec</span> <span class='ocrx_word' id='word_1_304' title='bbox 1201 2423 1506 2478; x_wconf 85' lang='lat' dir='ltr'>oppositionum</span> <span class='ocrx_word' id='word_1_305' title='bbox 1529 2438 1679 2478; x_wconf 89' lang='lat' dir='ltr'>genera</span> 
     </span>
     <span class='ocr_line' id='line_1_34' title="bbox 130 2485 1677 2534; baseline 0.005 -8"><span class='ocrx_word' id='word_1_306' title='bbox 130 2485 184 2527; x_wconf 89' lang='lat' dir='ltr'>ad</span> <span class='ocrx_word' id='word_1_307' title='bbox 205 2485 486 2527; x_wconf 82' lang='lat' dir='ltr'>damnandum</span> <span class='ocrx_word' id='word_1_308' title='bbox 508 2486 810 2529; x_wconf 81' lang='lat' dir='ltr'>obiiciebantur</span> <span class='ocrx_word' id='word_1_309' title='bbox 826 2488 1042 2531; x_wconf 86' lang='lat' dir='ltr'>Caelestio.</span> <span class='ocrx_word' id='word_1_310' title='bbox 1075 2490 1155 2532; x_wconf 82' lang='lat' dir='ltr'>Sed</span> <span class='ocrx_word' id='word_1_311' title='bbox 1172 2491 1241 2532; x_wconf 91' lang='lat' dir='ltr'>ille</span> <span class='ocrx_word' id='word_1_312' title='bbox 1260 2491 1425 2532; x_wconf 86' lang='lat' dir='ltr'>dicebat</span> <span class='ocrx_word' id='word_1_313' title='bbox 1440 2493 1571 2533; x_wconf 90' lang='lat' dir='ltr'>multa</span> <span class='ocrx_word' id='word_1_314' title='bbox 1587 2507 1677 2534; x_wconf 88' lang='lat' dir='ltr'>esse</span> 
     </span>
     <span class='ocr_line' id='line_1_35' title="bbox 130 2553 1677 2614; baseline 0.004 -18"><span class='ocrx_word' id='word_1_315' title='bbox 130 2555 174 2596; x_wconf 92' lang='lat' dir='ltr'>in</span> <span class='ocrx_word' id='word_1_316' title='bbox 194 2553 260 2596; x_wconf 91' lang='lat' dir='ltr'>his</span> <span class='ocrx_word' id='word_1_317' title='bbox 282 2568 386 2609; x_wconf 85' lang='lat' dir='ltr'>quae</span> <span class='ocrx_word' id='word_1_318' title='bbox 408 2558 569 2595; x_wconf 89' lang='lat' dir='ltr'>teneret</span> <span class='ocrx_word' id='word_1_319' title='bbox 591 2555 692 2596; x_wconf 74' lang='lat' dir='ltr'>sides</span> <span class='ocrx_word' id='word_1_320' title='bbox 715 2557 822 2610; x_wconf 88' lang='lat' dir='ltr'>cius,</span> <span class='ocrx_word' id='word_1_321' title='bbox 853 2565 893 2598; x_wconf 87' lang='lat' dir='ltr'>et</span> <span class='ocrx_word' id='word_1_322' title='bbox 919 2563 1087 2614; x_wconf 90' lang='lat' dir='ltr'>propter</span> <span class='ocrx_word' id='word_1_323' title='bbox 1108 2559 1197 2614; x_wconf 82' lang='lat' dir='ltr'>ipsa</span> <span class='ocrx_word' id='word_1_324' title='bbox 1220 2563 1356 2600; x_wconf 86' lang='lat' dir='ltr'>cetera</span> <span class='ocrx_word' id='word_1_325' title='bbox 1378 2560 1573 2601; x_wconf 89' lang='lat' dir='ltr'>damnare</span> <span class='ocrx_word' id='word_1_326' title='bbox 1595 2575 1677 2603; x_wconf 89' lang='lat' dir='ltr'>non</span> 
     </span>
     <span class='ocr_line' id='line_1_36' title="bbox 130 2623 1677 2683; baseline 0.004 -19"><span class='ocrx_word' id='word_1_327' title='bbox 130 2637 265 2678; x_wconf 87' lang='lat' dir='ltr'>posse.</span> <span class='ocrx_word' id='word_1_328' title='bbox 315 2623 431 2665; x_wconf 90' lang='lat' dir='ltr'>Tunc</span> <span class='ocrx_word' id='word_1_329' title='bbox 464 2623 515 2664; x_wconf 90' lang='lat' dir='ltr'>ad</span> <span class='ocrx_word' id='word_1_330' title='bbox 546 2623 786 2665; x_wconf 82' lang='lat' dir='ltr'>relationem</span> <span class='ocrx_word' id='word_1_331' title='bbox 816 2640 946 2681; x_wconf 88' lang='lat' dir='ltr'>paene</span> <span class='ocrx_word' id='word_1_332' title='bbox 970 2627 1154 2668; x_wconf 87' lang='lat' dir='ltr'>omnium</span> <span class='ocrx_word' id='word_1_333' title='bbox 1175 2628 1367 2669; x_wconf 80' lang='lat' dir='ltr'>Afrorum</span> <span class='ocrx_word' id='word_1_334' title='bbox 1390 2629 1677 2683; x_wconf 89' lang='lat' dir='ltr'>episcoporum</span> 
     </span>
     <span class='ocr_line' id='line_1_37' title="bbox 130 2691 1675 2753; baseline 0.005 -21"><span class='ocrx_word' id='word_1_335' title='bbox 130 2705 239 2747; x_wconf 89' lang='lat' dir='ltr'>papa</span> <span class='ocrx_word' id='word_1_336' title='bbox 258 2691 525 2734; x_wconf 81' lang='lat' dir='ltr'>Innocentius·</span> <span class='ocrx_word' id='word_1_337' title='bbox 549 2692 856 2736; x_wconf 83' lang='lat' dir='ltr'>damnationem</span> <span class='ocrx_word' id='word_1_338' title='bbox 878 2700 918 2736; x_wconf 91' lang='grc'>01</span> <span class='ocrx_word' id='word_1_339' title='bbox 939 2696 1102 2748; x_wconf 84' lang='lat' dir='ltr'>Pelagio</span> <span class='ocrx_word' id='word_1_340' title='bbox 1126 2700 1166 2735; x_wconf 87' lang='grc'>01</span> <span class='ocrx_word' id='word_1_341' title='bbox 1188 2696 1390 2737; x_wconf 75' lang='lat' dir='ltr'>Caeles-tio</span> <span class='ocrx_word' id='word_1_342' title='bbox 1415 2699 1675 2753; x_wconf 84' lang='lat' dir='ltr'>conscripsit.</span> 
     </span>
     <span class='ocr_line' id='line_1_38' title="bbox 130 2759 1674 2815; baseline 0.005 -15"><span class='ocrx_word' id='word_1_343' title='bbox 130 2759 195 2802; x_wconf 90' lang='lat' dir='ltr'>Illi</span> <span class='ocrx_word' id='word_1_344' title='bbox 216 2764 368 2813; x_wconf 88' lang='lat' dir='ltr'>autem,</span> <span class='ocrx_word' id='word_1_345' title='bbox 390 2761 476 2802; x_wconf 81' lang='lat' dir='ltr'>sive</span> <span class='ocrx_word' id='word_1_346' title='bbox 498 2764 720 2814; x_wconf 85' lang='lat' dir='ltr'>antequam</span> <span class='ocrx_word' id='word_1_347' title='bbox 743 2762 1035 2805; x_wconf 85' lang='lat' dir='ltr'>damnarentur</span> <span class='ocrx_word' id='word_1_348' title='bbox 1056 2763 1106 2804; x_wconf 83' lang='lat' dir='ltr'>ab</span> <span class='ocrx_word' id='word_1_349' title='bbox 1129 2764 1353 2805; x_wconf 73' lang='lat' dir='ltr'>universali</span> <span class='ocrx_word' id='word_1_350' title='bbox 1375 2765 1564 2815; x_wconf 78' lang='lat' dir='ltr'>ecclesia,</span> <span class='ocrx_word' id='word_1_351' title='bbox 1588 2767 1674 2808; x_wconf 74' lang='lat' dir='ltr'>sive</span> 
     </span>
     <span class='ocr_line' id='line_1_39' title="bbox 131 2829 1673 2888; baseline 0.005 -19"><span class='ocrx_word' id='word_1_352' title='bbox 131 2832 275 2884; x_wconf 88' lang='lat' dir='ltr'>pestea</span> <span class='ocrx_word' id='word_1_353' title='bbox 295 2842 419 2884; x_wconf 89' lang='lat' dir='ltr'>quam</span> <span class='ocrx_word' id='word_1_354' title='bbox 441 2829 624 2871; x_wconf 87' lang='lat' dir='ltr'>damnati</span> <span class='ocrx_word' id='word_1_355' title='bbox 647 2834 763 2882; x_wconf 83' lang='lat' dir='ltr'>sunt,</span> <span class='ocrx_word' id='word_1_356' title='bbox 791 2845 873 2873; x_wconf 91' lang='lat' dir='ltr'>non</span> <span class='ocrx_word' id='word_1_357' title='bbox 902 2836 1169 2874; x_wconf 82' lang='lat' dir='ltr'>cessaverunt</span> <span class='ocrx_word' id='word_1_358' title='bbox 1197 2833 1377 2874; x_wconf 87' lang='lat' dir='ltr'>scribere</span> <span class='ocrx_word' id='word_1_359' title='bbox 1398 2848 1517 2888; x_wconf 85' lang='lat' dir='ltr'>posse</span> <span class='ocrx_word' id='word_1_360' title='bbox 1540 2835 1673 2876; x_wconf 84' lang='lat' dir='ltr'>homi-</span> 
     </span>
     <span class='ocr_line' id='line_1_40' title="bbox 131 2899 1675 2956; baseline 0.005 -18"><span class='ocrx_word' id='word_1_361' title='bbox 131 2910 229 2938; x_wconf 89' lang='lat' dir='ltr'>nem</span> <span class='ocrx_word' id='word_1_362' title='bbox 249 2899 340 2939; x_wconf 88' lang='lat' dir='ltr'>sine</span> <span class='ocrx_word' id='word_1_363' title='bbox 360 2902 528 2953; x_wconf 87' lang='lat' dir='ltr'>peccato</span> <span class='ocrx_word' id='word_1_364' title='bbox 552 2912 663 2949; x_wconf 82' lang='lat' dir='ltr'>csse,</span> <span class='ocrx_word' id='word_1_365' title='bbox 692 2903 732 2938; x_wconf 90' lang='lat' dir='ltr'>et</span> <span class='ocrx_word' id='word_1_366' title='bbox 752 2899 854 2941; x_wconf 88' lang='lat' dir='ltr'>nihil</span> <span class='ocrx_word' id='word_1_367' title='bbox 877 2901 1057 2942; x_wconf 84' lang='lat' dir='ltr'>obfuisse</span> <span class='ocrx_word' id='word_1_368' title='bbox 1078 2901 1212 2943; x_wconf 80' lang='lat' dir='ltr'>Adam</span> <span class='ocrx_word' id='word_1_369' title='bbox 1234 2903 1373 2955; x_wconf 89' lang='lat' dir='ltr'>generi</span> <span class='ocrx_word' id='word_1_370' title='bbox 1404 2902 1604 2956; x_wconf 78' lang='lat' dir='ltr'>humano,</span> <span class='ocrx_word' id='word_1_371' title='bbox 1634 2909 1675 2946; x_wconf 89' lang='lat' dir='ltr'>et</span> 
     </span>
     <span class='ocr_line' id='line_1_41' title="bbox 131 2963 1672 3022; baseline 0.005 -16"><span class='ocrx_word' id='word_1_372' title='bbox 131 2963 265 3019; x_wconf 85' lang='lat' dir='ltr'>legem</span> <span class='ocrx_word' id='word_1_373' title='bbox 285 2966 344 3007; x_wconf 87' lang='lat' dir='ltr'>sic</span> <span class='ocrx_word' id='word_1_374' title='bbox 365 2967 529 3008; x_wconf 85' lang='lat' dir='ltr'>misisse</span> <span class='ocrx_word' id='word_1_375' title='bbox 552 2967 603 3008; x_wconf 84' lang='lat' dir='ltr'>ad</span> <span class='ocrx_word' id='word_1_376' title='bbox 626 2980 796 3019; x_wconf 82' lang='lat' dir='ltr'>regnum</span> <span class='ocrx_word' id='word_1_377' title='bbox 818 2970 925 3009; x_wconf 83' lang='lat' dir='ltr'>sicut</span> <span class='ocrx_word' id='word_1_378' title='bbox 945 2969 1178 3022; x_wconf 76' lang='lat' dir='ltr'>evangelia,</span> <span class='ocrx_word' id='word_1_379' title='bbox 1207 2974 1248 3010; x_wconf 92' lang='lat' dir='ltr'>et</span> <span class='ocrx_word' id='word_1_380' title='bbox 1277 2970 1455 3011; x_wconf 86' lang='lat' dir='ltr'>infantes</span> <span class='ocrx_word' id='word_1_381' title='bbox 1477 2985 1559 3012; x_wconf 90' lang='lat' dir='ltr'>non</span> <span class='ocrx_word' id='word_1_382' title='bbox 1581 2972 1672 3015; x_wconf 89' lang='lat' dir='ltr'>ideo</span> 
     </span>
     <span class='ocr_line' id='line_1_42' title="bbox 130 3031 1672 3093; baseline 0.005 -19"><span class='ocrx_word' id='word_1_383' title='bbox 130 3031 423 3088; x_wconf 82' lang='lat' dir='ltr'>baptizandos,</span> <span class='ocrx_word' id='word_1_384' title='bbox 451 3036 546 3089; x_wconf 85' lang='lat' dir='ltr'>quia</span> <span class='ocrx_word' id='word_1_385' title='bbox 573 3034 722 3076; x_wconf 86' lang='lat' dir='ltr'>habere</span> <span class='ocrx_word' id='word_1_386' title='bbox 751 3038 912 3090; x_wconf 90' lang='lat' dir='ltr'>possint</span> <span class='ocrx_word' id='word_1_387' title='bbox 940 3037 1134 3091; x_wconf 86' lang='lat' dir='ltr'>originale</span> <span class='ocrx_word' id='word_1_388' title='bbox 1156 3043 1393 3093; x_wconf 80' lang='lat' dir='ltr'>peccatum,</span> <span class='ocrx_word' id='word_1_389' title='bbox 1422 3043 1462 3080; x_wconf 92' lang='lat' dir='ltr'>et</span> <span class='ocrx_word' id='word_1_390' title='bbox 1482 3044 1672 3083; x_wconf 80' lang='lat' dir='ltr'>naturam</span> 
     </span>
     <span class='ocr_line' id='line_1_43' title="bbox 131 3101 1670 3162; baseline 0.006 -20"><span class='ocrx_word' id='word_1_391' title='bbox 131 3104 218 3142; x_wconf 84' lang='lat' dir='ltr'>tam</span> <span class='ocrx_word' id='word_1_392' title='bbox 236 3101 343 3143; x_wconf 89' lang='lat' dir='ltr'>bene</span> <span class='ocrx_word' id='word_1_393' title='bbox 365 3102 515 3144; x_wconf 84' lang='lat' dir='ltr'>factam</span> <span class='ocrx_word' id='word_1_394' title='bbox 536 3117 560 3143; x_wconf 85' lang='lat' dir='ltr'>a</span> <span class='ocrx_word' id='word_1_395' title='bbox 581 3102 670 3155; x_wconf 85' lang='lat' dir='ltr'>deo,</span> <span class='ocrx_word' id='word_1_396' title='bbox 692 3107 738 3144; x_wconf 89' lang='lat' dir='ltr'>ut</span> <span class='ocrx_word' id='word_1_397' title='bbox 757 3103 837 3145; x_wconf 88' lang='lat' dir='ltr'>sibi</span> <span class='ocrx_word' id='word_1_398' title='bbox 859 3104 945 3146; x_wconf 86' lang='lat' dir='ltr'>sola</span> <span class='ocrx_word' id='word_1_399' title='bbox 965 3105 1145 3147; x_wconf 81' lang='lat' dir='ltr'>sufficiat</span> <span class='ocrx_word' id='word_1_400' title='bbox 1164 3106 1309 3148; x_wconf 87' lang='lat' dir='ltr'>adhoc</span> <span class='ocrx_word' id='word_1_401' title='bbox 1326 3112 1372 3149; x_wconf 83' lang='lat' dir='ltr'>ut</span> <span class='ocrx_word' id='word_1_402' title='bbox 1385 3109 1518 3162; x_wconf 87' lang='lat' dir='ltr'>possit</span> <span class='ocrx_word' id='word_1_403' title='bbox 1534 3123 1670 3152; x_wconf 84' lang='lat' dir='ltr'>carere</span> 
     </span>
    </p>
   </div>
  </div>
 </body>
</html>
