2052 3374
1619 173 1699 215 367

151 293 220 323 um,
238 287 272 315 et
288 281 358 315 filio
377 280 536 325 spiritum
553 283 720 313 sanetum.
745 278 928 323 Augus-tin.
948 278 988 311 de
1006 276 1138 311 haeres.
1165 287 1239 321 cap.
1253 276 1337 310 LIV.
1368 274 1581 320 Nicephorus
1600 274 1700 308 Calli-

151 331 225 361 stus
241 327 299 361 lib.
314 326 375 360 XI.
399 336 474 370 cap.
487 325 700 359 XIsRufiin.
724 325 844 359 eccles.
869 324 988 357 histor.
1013 324 1071 357 lib.
1086 323 1130 357 X.
1155 334 1229 367 cap.
1244 321 1356 356 XXV.
1379 321 1530 355 Basilius
1547 321 1699 365 Magnus

151 376 270 406 contra
286 371 542 416 apologeticum
557 370 728 404 Eunomii.

209 416 312 451 'Nihil
328 417 480 451 anterius
504 416 717 461 posteriusve
735 419 794 448 aut
811 415 938 454 minus,
957 421 993 447 ut
1011 414 1144 458 Arrius]
1186 413 1350 447 Athenas.
1367 416 1450 446 tom.
1464 411 1505 445 II.
1523 411 1581 445 fol.
1599 411 1650 446 14.
1668 414 1701 444 et

153 463 194 497 de
211 462 352 508 synodis
368 463 521 494 Arimini
537 469 568 495 et
581 462 754 494 Seleuciae
778 465 860 493 tom.
875 460 898 493 I.
924 459 1072 493 f01.681.
1100 459 1282 493 Caesarius
1305 457 1479 502 Dialog.I.
1505 457 1584 490 Non
1607 458 1700 502 qnid-

153 520 250 554 quam
266 510 319 541 vel
334 510 442 541 maius
458 508 510 540 vel
526 510 631 540 minas
648 514 777 547 natam,
803 518 863 537 non
881 507 1058 549 quidquam
1073 508 1173 549 prius
1191 508 1348 544 eris-tens,
1369 506 1633 537 adventiciumve
1651 504 1701 536 cli-

151 557 233 588 vina
248 556 285 591 ia
301 556 452 587 trinitate
471 554 520 585 rel
537 560 613 586 ante
629 553 743 585 secula
752 554 834 595 snit,
855 552 906 583 cel
922 558 967 584 est
984 550 1092 590 leodic,
1110 552 1163 583 rel
1179 552 1336 594 deinceps
1353 552 1426 582 erit.
1452 549 1623 582 Nimirum
1635 561 1701 592 pa-

154 607 204 634 ter
220 606 252 633 et
257 600 354 644 filius
370 605 402 632 et
416 601 555 643 spiritus
571 605 706 630 sanctu-s·
724 599 859 630 trinitas·
877 603 938 636 est,
963 603 994 629 et
1016 597 1233 638 *inteliiyitnffi
1259 603 1289 629 et
1312 597 1479 628 adoratur
1497 594 1538 627 ab
1563 597 1624 634 ‘ii-3,
1647 597 1703 638 qui

152 656 240 686 vere,
257 657 321 678 non
338 646 426 678 dic-is
443 655 549 676 cau-sa
566 644 618 676 rel
634 641 822 686 blaspheme
841 643 988 674 adorant
1006 648 1039 674 ut
1055 642 1191 681 Arria-s,
1211 644 1267 685 qni
1285 642 1340 674 (lei
1357 647 1514 674 naturam
1529 639 1701 679 distrahit,

155 702 197 724 ac
213 693 323 723 mains
341 702 382 722 ac
400 693 505 722 minus
520 691 555 721 in
573 690 689 722 dit-ina
707 690 858 720 trinitate
874 689 1093 730 imaqinatnr.

219 735 313 769 Nihil
329 739 548 775 extraneum,
570 738 610 767 ut
625 732 863 775 Macedonius]
896 731 1136 765 Macedoniani
1153 737 1312 766 sanctum
1329 732 1488 776 spiritum
1505 742 1523 765 a
1542 731 1702 764 substan-

152 782 202 815 tia
217 781 335 826 patris,
352 780 483 824 filiique
500 781 600 824 plane
618 779 826 818 discernunt,
844 781 1011 821 tanquam
1028 778 1225 810 ministrum
1241 778 1354 811 meriti
1366 788 1508 822 prorsus
1521 777 1702 810 inferioris.

152 827 179 861 F
182 827 312 872 ulgent.
330 826 374 859 ad
390 826 565 860 Donatum
581 824 705 858 f01.94.
738 823 898 856 Rufiinus
917 823 1038 856 eccles.
1056 822 1174 856 histor.
1193 824 1250 858 lib.
1265 824 1310 856 X.
1329 834 1402 867 cap.
1416 823 1457 857 ll.
1490 821 1702 867 Nicephorus

154 871 318 906 Callistus
334 872 392 907 lib.
405 871 467 904 IX.
485 882 558 916 cap.
573 869 709 904 XLVII.
745 869 931 915 Gregorius
948 869 1099 912 Magnus
1123 869 1256 913 epistol.
1280 869 1339 903 lib.
1352 868 1408 903 IV.
1434 869 1532 913 epist.
1549 867 1701 902 XXXII.

146 918 213 952 fol.
230 917 307 952 793.
345 917 581 951 Damascenus
605 915 645 948 de
669 915 801 948 duabus
820 914 946 947 Christi
967 914 1099 947 naturis
1116 914 1175 948 fol.
1192 915 1268 947 499.
1307 915 1492 958 Augustin.
1512 914 1552 946 de
1569 912 1702 947 haeres

154 975 229 1010 cap.
252 963 322 998 LII.
363 963 521 997 Socrates
547 961 732 995 ecclesiast.
756 959 874 993 histor.
898 961 956 993 lib.
980 959 1021 993 Π.
1045 971 1120 1004 cap.
1143 959 1292 993 XXXV.
1333 959 1567 993 Theodoretus
1589 959 1647 992 lib.
1672 958 1703 992 2.

154 1020 228 1054 cap.
245 1008 301 1043 IV.
325 1008 475 1043 Historia
491 1008 549 1041 Tri
574 1010 634 1040 art.
651 1006 707 1040 lib.
726 1006 766 1039 V.
784 1016 857 1050 cap.
875 1005 964 1040 XLI.
995 1005 1030 1040 S.
1048 1006 1223 1038 Maximus
1240 1006 1276 1038 111
1292 1005 1350 1039 lib.
1369 1007 1408 1038 cle
1426 1006 1555 1038 duabu-s
1573 1007 1705 1037 naturis

157 1055 289 1134 Christ}
299 1055 490 1088 salvatoris.
530 1053 557 1087 T
583 1051 773 1097 eophylact.
790 1051 975 1096 Bulgariae
992 1050 1239 1096 archiepiscop.
1256 1051 1291 1084 in
1308 1049 1426 1084 Iohan.
1444 1061 1518 1096 cap.
1535 1050 1591 1083 III.
1609 1049 1703 1084 XIV.

156 1104 191 1135 et
205 1101 240 1135 X
262 1100 270 1113 ⁷
291 1128 298 1135 .

223 1144 316 1180 Nihil
330 1145 534 1190 pervasione
550 1147 609 1177 aut
625 1153 718 1176 surre
732 1143 838 1176 >tione
854 1143 1032 1184 insertum,
1051 1146 1089 1176 ut
1104 1141 1343 1185 Manichaeus]
1370 1142 1454 1176 Vide
1470 1142 1705 1186 Augustinum

156 1191 198 1225 de
213 1190 344 1226 haeres.
362 1201 435 1236 cap.
452 1189 572 1225 XLVI.
611 1154 840 1233 Nicephorum
857 1188 1038 1222 Callistum
1055 1189 1174 1221 eccles.
1191 1187 1309 1223 histor.
1327 1188 1385 1222 lib.
1406 1188 1459 1222 VI.
1477 1198 1552 1233 cap.
1571 1186 1704 1221 XXXI.

154 1236 387 1283 Epiphaniam
403 1236 550 1281 episcop.
568 1234 788 1268 Constantiae
806 1234 910 1279 Cypri
925 1233 1057 1267 haeres.
1074 1234 1194 1268 LXVI.

222 1281 315 1317 Nihil
324 1293 535 1327 corporeum,
550 1285 587 1314 ut
599 1281 845 1322 Tertullianus]
858 1280 1042 1323 Augustin.
1052 1279 1183 1313 haeres.
1194 1279 1248 1314 Sss.
1274 1280 1499 1313 Tertullianus
1515 1280 1600 1312 dicit
1612 1280 1705 1312 deum

158 1341 352 1374 corporeum
369 1339 448 1362 esse.
479 1327 532 1360 Ad
549 1326 709 1371 Optatum
726 1326 823 1370 epist.
843 1325 970 1360 CLVII.
990 1325 1031 1359 de
1050 1326 1177 1359 Genesi
1193 1326 1235 1358 ad
1251 1325 1387 1358 literam
1402 1325 1462 1359 lib.
1480 1325 1524 1358 X.
1544 1336 1573 1360 e.
1591 1323 1705 1359 XXV.

155 1373 307 1410 Thomas
324 1373 365 1407 de
381 1373 517 1418 Aquino
538 1373 575 1406 in
599 1373 695 1417 epist.
712 1371 811 1404 Pauli
829 1371 847 1403 2
866 1370 1017 1405 Corinth.
1036 1382 1109 1416 cap.
1123 1371 1154 1404 4.
1172 1372 1247 1404 lect.
1268 1371 1306 1405 V.
1320 1371 1551 1404 Tertullianus
1569 1370 1609 1404 de
1626 1381 1706 1415 pae-

156 1420 302 1456 nitentia
325 1430 398 1464 cap.
415 1419 472 1452 III.
490 1419 531 1452 de
552 1428 653 1452 earne
677 1416 801 1451 Christi
826 1428 898 1462 cap.
917 1416 956 1450 II.
983 1416 1145 1450 adversus
1162 1417 1328 1451 Marcion.
1353 1416 1410 1450 lib.
1429 1416 1459 1450 2.
1484 1427 1557 1462 cap.
1579 1416 1629 1451 16.
1649 1417 1706 1451 ad-

156 1477 277 1501 versus
291 1465 462 1499 Praxeam
478 1475 549 1509 cap.
565 1463 637 1497 Vll.

224 1510 317 1545 Nihil
333 1510 552 1556 corporaliter
568 1509 769 1554 effigiatum,
787 1513 823 1541 ut
840 1507 1174 1553 Antropomorphus]
1205 1508 1377 1542 Honorius
1399 1507 1705 1553 Augustodunens.

158 1557 279 1592 eccles.
295 1557 448 1602 presbyt.
489 1554 830 1600 Antropomorpltitae
855 1556 948 1587 (lcum
972 1554 1119 1587 humana
1144 1554 1289 1587 membra
1313 1561 1343 1587 et
1359 1553 1540 1587 humanam
1555 1556 1706 1597 formam

159 1603 283 1637 habere
299 1609 482 1642 autumant,
501 1614 570 1634 cnm
589 1602 668 1634 (lens
683 1603 727 1633 sit
748 1603 887 1644 spiritns
901 1607 932 1633 et
953 1602 1181 1644 incorporeus.
1222 1600 1421 1643 Hieronym.
1442 1599 1478 1632 in
1502 1599 1627 1632 Psalm.
1653 1598 1707 1633 93.

157 1649 218 1683 fol.
237 1648 310 1682 120.
351 1647 482 1692 Origin.
499 1647 536 1680 in
552 1647 650 1692 epist.
668 1645 764 1679 Pauli
780 1645 823 1679 ad
840 1645 985 1678 Roman.
1003 1645 1061 1679 lib.
1078 1644 1102 1678 I.
1121 1656 1195 1689 cap.
1212 1644 1237 1677 Ι.
1277 1644 1433 1678 Cassian.
1451 1645 1564 1679 collat.
1581 1645 1641 1679 lib.
1659 1644 1706 1678 X.

159 1705 234 1740 cap.
251 1694 291 1728 V.
329 1693 448 1728 Isidor.
468 1693 588 1737 origin.
606 1692 664 1725 lib.
680 1691 768 1726 VIII.
787 1702 859 1736 cap.
876 1691 916 1724 V.
955 1691 1139 1735 Augustin.
1157 1691 1198 1723 de
1217 1690 1344 1724 Genesi
1360 1691 1403 1723 ad
1420 1691 1568 1724 litteram
1585 1691 1643 1725 lib.
1660 1690 1706 1724 X.

159 1751 188 1776 c.
204 1739 316 1774 XXV.
335 1739 432 1784 epist.
450 1737 506 1772 III.
523 1738 566 1771 ad
581 1737 817 1772 Fortunatian.
844 1737 941 1781 epist.
966 1736 1038 1770 157.
1062 1736 1105 1769 ad
1122 1736 1296 1781 Optatum.
1315 1736 1475 1770 Ruffinus
1492 1737 1662 1770 invectiva
1679 1735 1705 1771 I.

158 1786 196 1821 in
211 1785 411 1830 Hieronym.
427 1784 487 1819 fol.
509 1784 581 1817 164.

225 1830 418 1874 vadianus]
441 1829 622 1875 Augustin.
640 1828 679 1862 de
697 1827 828 1862 haeres.
847 1839 920 1873 cap.
938 1827 975 1862 L.
1010 1827 1184 1861 an'anos
1200 1840 1278 1873 qnos
1295 1829 1471 1873 appellant
1486 1831 1534 1870 (et
1548 1827 1705 1873 Epipha-

160 1879 234 1910 nius
249 1876 491 1916 schismaticos,
510 1888 570 1908 non
588 1875 776 1908 haereticos
794 1875 860 1907 rnlt
876 1875 1000 1916 rideri)
1019 1875 1082 1907 alii
1098 1880 1221 1907 vocant
1236 1874 1612 1918 Anthmpomurphitas,
1630 1886 1705 1918 quo-

159 1925 252 1956 niam
268 1924 363 1956 deum
378 1922 585 1966 sibifinqunt
599 1923 800 1963 coyitatzonc
817 1920 956 1952 carnali
978 1922 1011 1951 in
1026 1921 1277 1952 similitudinem
1293 1922 1454 1964 imaqz'nis
1477 1920 1706 1964 corruptibilis

160 1968 311 2009 hominis,
327 1969 415 2013 quod
429 1968 614 2000 rusticitati
629 1978 738 1999 corum
755 1965 871 1998 tribuit
890 1965 1117 2010 Epildtanius,
1136 1977 1287 2010 parcens
1304 1968 1361 2006 eis,
1386 1978 1424 1999 ne
1449 1967 1610 1999 dicantur
1626 1965 1706 1998 kae-

159 2016 269 2048 retici.

226 2057 321 2094 Nihil
343 2058 410 2092 sibi
432 2057 602 2092 invisibile
619 2067 639 2090 a
656 2056 819 2090 creaturis
838 2060 874 2089 ut
891 2055 1064 2101 Origines]
1105 2055 1264 2101 Origines
1287 2056 1433 2091 docebat
1455 2057 1558 2090 deum
1574 2060 1707 2102 patrem

160 2116 221 2150 per
236 2108 396 2138 naturam
412 2103 630 2144 invisibilem,
655 2102 759 2135 etiam
782 2113 801 2135 a
822 2102 892 2135 filio
918 2113 987 2135 11011
1008 2102 1125 2135 videri.
1168 2102 1250 2136 Vide
1267 2103 1366 2136 illum
1384 2102 1454 2147 περὶ
1471 2101 1582 2147 ἀργῶν
1599 2103 1657 2137 lib.
1675 2102 1706 2136 2.

161 2161 236 2196 cap.
253 2149 309 2184 IV.
345 2149 590 2193 Hieronymum
614 2147 776 2181 adversus
795 2159 924 2181 errores
940 2148 1195 2192 Hierosolymit.
1218 2147 1336 2183 Iohan.
1360 2148 1506 2193 epistola
1521 2143 1610 2182 LXI.
1630 2159 1658 2181 c.
1675 2148 1707 2181 3.

161 2195 206 2229 ad
221 2195 363 2230 Avitum
379 2195 476 2240 epist.
493 2194 580 2227 LIX.
599 2194 657 2227 fol.
677 2193 751 2226 204.
788 2192 814 2227 E
841 2192 1018 2238 iphanium
1041 2192 1176 2227 haeresi
1197 2193 1281 2228 LlV.
1299 2198 1332 2227 et
1354 2194 1390 2227 in
1407 2194 1506 2239 epist.
1523 2194 1566 2227 ad
1588 2193 1706 2227 Iohan.

161 2241 389 2285 Hierosolym.
406 2244 440 2273 et
451 2239 620 2272 Ancorato
637 2238 696 2272 fol.
713 2238 788 2272 381.
845 2249 864 2272 a
892 2239 959 2272 iam
976 2239 1011 2272 in
1027 2250 1110 2273 voce
1132 2239 1341 2284 Oriyeniani.
1364 2240 1554 2273 Honorium
1572 2239 1611 2273 de
1628 2239 1707 2273 hae-

162 2297 227 2321 res.
243 2285 413 2320 Isidorum
429 2285 620 2330 HispalenS.
639 2285 723 2329 orig.
741 2284 800 2318 lib.
818 2284 863 2317 Vl
882 2284 906 2319 l.
923 2295 996 2329 cap.
1013 2285 1054 2318 V.
1089 2283 1298 2318 Athanasius
1321 2285 1362 2319 de
1378 2284 1601 2330 blasphemiis
1618 2285 1709 2318 Arrii

161 2336 245 2366 tom.
261 2331 287 2365 Ι.
302 2331 361 2365 fol.
380 2330 455 2364 681.
474 2335 507 2363 et
522 2330 645 2363 Histor.
663 2330 806 2375 Tripart.
823 2330 881 2364 lib.
899 2330 923 2364 I.
941 2340 1014 2375 cap.
1028 2330 1121 2364 XIII.
1146 2331 1244 2364 Arrio
1261 2330 1349 2364 hauc
1368 2331 1565 2376 opinionem
1583 2331 1707 2364 adscri-

162 2378 259 2412 bunt.
281 2376 403 2410 Aetate
416 2375 621 2410 Servus—Dei
637 2376 740 2409 etiam
757 2376 868 2409 exorti
884 2374 1053 2417 haeretici,
1070 2377 1130 2421 qui
1147 2376 1298 2410 dicerent
1314 2375 1489 2410 Christum
1505 2377 1540 2409 in
1557 2375 1619 2410 hac
1637 2377 1708 2410 vita

163 2423 347 2468 degentem
370 2433 440 2455 non
463 2421 589 2454 vidisse
611 2421 743 2454 carneis
769 2421 875 2455 oculis
898 2421 972 2455 suis
995 2426 1146 2466 patrem,
1171 2422 1231 2455 sed
1252 2426 1332 2466 post
1354 2423 1639 2456 resurrectionem
1663 2433 1706 2455 ex

162 2468 308 2504 mortuis
332 2471 366 2501 et
389 2467 626 2500 ascensionem
649 2467 684 2500 in
707 2467 809 2500 caelis
834 2477 912 2500 cum
933 2468 1119 2501 translatus
1145 2468 1246 2501 estin
1263 2468 1410 2511 gloriam
1427 2467 1480 2501 dei
1497 2468 1613 2512 patris,
1630 2479 1707 2512 pro-

162 2513 292 2548 fectum
304 2513 434 2547 scilicet
445 2512 477 2546 ei
488 2511 599 2545 dantis
612 2512 647 2546 in
659 2513 967 2546 remunerationem
985 2513 1155 2556 martyrii:
1170 2513 1205 2546 in
1219 2523 1306 2557 quos
1319 2512 1513 2557 praedictus
1527 2513 1706 2558 episcopus

163 2559 329 2594 acerrime
345 2558 474 2602 stylum
491 2557 640 2598 strinxit,
663 2568 748 2591 sana
763 2557 1012 2603 disputatione,
1038 2563 1072 2591 et
1092 2559 1206 2592 libello
1227 2558 1441 2591 documentis
1462 2558 1706 2603 scripturarum

165 2604 376 2640 sufficienter
388 2604 478 2637 facto
491 2602 741 2644 demonstrans,
757 2605 844 2647 quod
855 2603 947 2636 Ιιυηιο
962 2605 1042 2636 dens
1049 2606 1180 2647 factus,
1199 2615 1327 2647 semper
1334 2609 1469 2647 patrem
1486 2606 1622 2636 carneis
1638 2607 1707 2636 suis

165 2651 271 2685 oculis
286 2651 418 2690 viderit,
444 2654 476 2681 et
495 2651 648 2693 spiritum
664 2654 830 2689 sanctum,
849 2661 914 2693 per
935 2660 950 2680 s
976 2650 1113 2682 ecialem
1131 2655 1162 2681 et
1178 2651 1304 2681 unitam
1322 2650 1377 2681 dei
1393 2655 1424 2681 et
1439 2648 1580 2681 hominis
1602 2652 1706 2682 socie-

168 2702 278 2731 tatem.
306 2694 504 2730 Gennadius
521 2693 561 2726 de
577 2693 658 2727 viris
675 2694 864 2727 illustribus
881 2694 916 2726 in
932 2661 1134 2726 §lgm-ns-dei.

255 2739 348 2775 Nihil
362 2740 515 2774 moribus
539 2743 572 2772 et
588 2739 763 2772 voluntate
785 2738 956 2772 diversum
979 2743 1017 2771 ut
1032 2739 1200 2781 Marcion]
1241 2738 1316 2773 Vid.
1339 2737 1550 2784 Epiphanius
1574 2738 1705 2774 haeres,

166 2786 288 2824 XLIV.
305 2785 516 2831 Nicephorus
534 2784 694 2818 Callistus
712 2785 831 2817 eccles.
848 2783 927 2818 hist.
944 2783 1002 2818 lib.
1020 2783 1050 2818 6.
1070 2794 1141 2829 cap.
1159 2784 1212 2818 28.
1510 2805 1513 2808 -

255 2831 348 2866 Nihil
364 2842 406 2865 ex
419 2831 580 2864 trinitatis
597 2830 746 2863 essentia
762 2830 803 2862 ad
821 2834 1051 2863 creaturarum
1068 2834 1226 2863 naturam
1242 2829 1425 2863 deductum
1441 2834 1479 2863 ut
1494 2830 1605 2874 Plato]
1630 2830 1705 2864 Vid.

165 2877 263 2912 Plato
278 2877 314 2911 in
329 2877 480 2911 Timaeo.
511 2875 606 2909 Beda
627 2875 667 2908 de
685 2875 861 2909 elementis
900 2873 1112 2920 hilosophiae
1129 2875 1187 2909 lib.
1204 2874 1228 2909 I.
1245 2875 1303 2910 fol.
1321 2875 1397 2909 313.
1433 2877 1648 2920 Augustinus
1665 2876 1706 2910 de

169 2921 297 2957 Genesi
319 2922 362 2956 ad
384 2922 548 2956 Litteram
564 2925 645 2954 tom.
662 2920 719 2954 III.
736 2931 807 2965 cap.
825 2919 849 2954 Ι.
881 2920 923 2954 ol.
941 2919 1016 2954 341.
1059 2920 1227 2954 Creatura
1252 2924 1356 2955 omnis
1378 2922 1617 2955 intellectualia
1637 2925 1706 2955 sive

169 2969 359 3014 corporalis
373 2980 437 3001 non
454 2969 494 3001 de
512 2969 566 3000 dei
582 2972 719 3006 natura,
735 2968 795 2999 sed
811 2979 832 2999 α
850 2968 909 2999 deo
922 2969 1080 3010 estfacta
1095 2967 1134 2999 cle
1151 2966 1265 3006 nihilo,
1282 2966 1429 3011 nihilque
1442 2969 1476 3000 in
1492 2978 1533 3000 ea
1547 2973 1604 3007 est,
1621 2969 1707 3011 quod

169 3014 218 3047 ad
232 3016 413 3048 trinitatem
423 3015 581 3058 pertinet,
598 3014 664 3045 nisi
675 3013 762 3055 quod
777 3014 912 3046 trinitas
929 3012 1087 3052 condidit,
1106 3014 1171 3045 ista
1188 3014 1323 3047 condita
1341 3019 1397 3046 est.
