2052 3374
754 189 867 217 LIBER
884 189 1029 216 PRIMUS.
1586 189 1664 230 267

120 300 184 338 est
203 296 254 338 de
275 295 460 338 secunda
479 293 773 350 generatione?
801 294 845 337 Si
867 295 917 336 de
939 296 1089 350 spiritu
1108 298 1231 335 natus
1253 298 1337 346 est,
1359 293 1561 348 baptizari
1582 306 1668 334 non

121 364 255 407 debet.
306 362 465 416 Quare?
493 367 589 419 quia
617 366 786 419 spiritus
815 368 983 405 sanctus
1013 377 1108 404 eum
1136 363 1234 404 fecit
1263 362 1400 415 nasci,
1432 376 1515 403 non
1535 360 1663 402 libido

120 434 311 487 coniugii.
362 432 437 474 Sin
458 438 594 474 autem
618 432 668 474 dc
691 434 877 485 coniugio
901 432 1077 483 carnali,
1105 431 1147 472 id
1175 436 1237 472 est
1265 431 1315 472 de
1337 430 1520 472 masculo
1544 434 1583 471 et
1605 430 1664 470 sc-

118 503 251 555 mina,
280 504 409 542 restat
436 505 482 542 ut
502 501 610 542 unde
633 506 730 542 sunt
751 502 982 554 regenerati
1005 500 1054 541 de
1077 499 1240 541 Christo
1263 504 1303 540 et
1325 499 1521 552 ecclesia,
1549 513 1667 540 suain

119 573 269 613 iterum
290 574 534 624 regenerent
555 569 724 625 prolem.
775 570 835 610 De
864 571 995 624 primo
1026 570 1138 610 enim
1159 572 1222 609 est
1242 568 1377 609 Adam
1399 568 1508 622 quod
1529 569 1665 609 nasci-

118 653 228 682 mur:
261 639 310 680 de
342 638 522 680 secundo
555 642 694 680 autem
725 637 833 692 quod
864 639 1015 678 iterum
1044 650 1297 690 recreamur,
1330 636 1494 678 dicente
1524 641 1666 677 sancto

119 707 324 765 apostolo,
354 706 536 749 ³Factus
567 715 625 748 est
646 708 812 762 primu-s·
843 705 959 747 Ιι-οιηο
990 705 1135 746 Adam
1163 707 1207 746 in
1238 707 1422 746 αηιίηακη
1451 707 1668 746 viventem:

119 778 362 819 novissimus
384 775 528 817 Adam
556 778 601 817 in
628 777 822 831 spiritum
848 774 1134 828 vivificantem.
1188 772 1273 815 Sed
1297 789 1381 815 non
1403 776 1528 829 prices
1557 775 1670 828 quod

119 845 308 902 spiritale
325 852 394 898 est,
416 845 488 886 secl
503 845 617 900 quod
632 844 824 896 animale,
840 844 986 884 deinde
1003 843 1116 898 quod
1130 842 1330 897 spiritale.
1364 842 1534 883 Primus
1551 842 1667 884 homo

121 915 170 956 de
189 921 304 956 terra
332 921 539 966 terrenus,
569 913 776 954 secundus
805 912 921 953 homo
950 912 998 953 cle
1031 912 1143 953 caelo
1176 911 1372 952 caelestis.
1424 911 1540 966 Eryo
1561 913 1669 953 sicut

114 984 379 1040 portavimus
400 983 622 1037 imayt'nem
643 983 809 1033 terrem,
832 980 874 1021 id
895 984 958 1021 est
979 981 1088 1021 sicut
1108 980 1338 1021 creavimus
1360 979 1466 1020 filios
1490 979 1666 1020 carnali-

120 1055 195 1105 ter,
210 1058 423 1108 portemus
445 1058 482 1092 et
500 1051 721 1106 imayinem
745 1050 942 1102 caelestis,
965 1048 1007 1090 id
1030 1052 1093 1089 est
1114 1062 1216 1102 quos
1239 1049 1468 1089 creavimus
1491 1048 1667 1089 carnali-

120 1124 196 1174 ter,
217 1119 460 1175 spiritaliter
479 1131 728 1171 recreemus,
751 1121 821 1159 aut
836 1119 918 1173 ipsi
935 1119 1004 1171 qui
1022 1116 1243 1158 carnaliter
1261 1118 1388 1157 creati
1405 1130 1548 1158 sumus
1566 1121 1668 1158 nutu

121 1190 338 1242 creatoris,
365 1190 516 1229 iterum
543 1189 630 1228 eius
659 1188 790 1240 gratia
821 1186 1064 1242 spiritaliter
1091 1199 1336 1227 recreemur.
1387 1185 1503 1227 4Il0c
1533 1193 1670 1227 autem

121 1257 226 1310 dico,
249 1256 354 1298 dixit
373 1256 597 1312 apostolus,
620 1257 721 1311 quia
745 1270 843 1298 carro
865 1263 902 1297 et
921 1257 1107 1311 sanquis
1128 1254 1172 1296 id
1189 1258 1251 1296 est
1266 1256 1403 1310 prima
1418 1258 1581 1296 tant-um
1597 1268 1666 1308 ge—

120 1326 332 1368 neratione
353 1325 541 1368 homines
563 1326 670 1377 nati,
699 1325 780 1365 nisi
808 1325 983 1378 gratiam
1012 1324 1196 1365 divinam
1223 1325 1452 1365 meruerint
1479 1323 1668 1379 adipisci,

120 1409 292 1452 requam
312 1395 380 1436 dei
392 1395 576 1436 invenire
597 1407 680 1435 non
695 1400 885 1449 possunt.
918 1392 1065 1449 Neque
1083 1394 1296 1449 corruptio
1314 1394 1669 1449 ineorruptionem

117 1463 353 1520 possidebit.

205 1532 511 1587 Octogesimam
536 1535 578 1573 et
604 1544 757 1573 nonam
777 1531 983 1572 haeresim
1003 1530 1220 1572 Nestorius
1243 1529 1668 1585 Constantinopolites

122 1603 341 1658 episcopus
362 1601 511 1656 legitur
532 1602 768 1642 incurrisse.
803 1599 1065 1641 Consuetudo
1084 1604 1149 1641 est
1168 1613 1347 1654 namque
1364 1603 1409 1640 ut
1430 1613 1560 1640 unum
1580 1604 1666 1641 tra-

123 1674 280 1713 ctatum
300 1684 421 1712 suum
442 1671 659 1726 episcopus
681 1668 988 1710 Alexandrinus
1010 1670 1149 1709 mittat
1176 1668 1227 1709 ad
1250 1668 1668 1724 Constantinopolim,

123 1740 193 1795 qui
214 1741 410 1781 recitetur
430 1741 474 1780 in
494 1738 670 1794 pascha,
699 1742 740 1778 et
759 1741 980 1779 tractat-um
1009 1751 1129 1779 suum
1152 1737 1576 1793 Constantinopolites
1599 1739 1668 1793 qui

120 1807 397 1851 Alexandriae
425 1809 633 1849 recitetur.
684 1806 732 1848 In
760 1810 939 1848 tractatu
969 1820 1042 1848 suo
1065 1805 1489 1861 Constantinopolitcs
1518 1807 1667 1849 Nesto-

121 1878 205 1919 rius
227 1878 394 1932 scripsit
413 1877 586 1918 Mariam
606 1889 689 1917 non
713 1888 803 1916 esse
833 1874 1075 1929 theotocon,
1104 1875 1177 1917 sed
1199 1875 1508 1929 Christotocon,
1536 1876 1577 1918 id
1607 1881 1669 1918 est

122 1959 205 1988 non
227 1946 350 1988 deum
371 1946 594 2001 peperisse,
616 1943 690 1986 sed
712 1944 934 1985 hominem.
978 1944 1155 1999 Cyrillus
1175 1944 1483 1986 Alexandrinus
1505 1945 1581 1987 hoc
1605 1945 1667 1987 di-

122 2018 234 2057 ctum
255 2016 313 2056 ita
333 2013 621 2070 reprehendit,
652 2027 730 2067 quo
753 2013 909 2054 diceret
937 2027 1009 2069 per
1037 2013 1276 2069 epistolam,
1304 2017 1350 2054 ut
1378 2015 1413 2055 si
1443 2028 1537 2056 eum
1565 2015 1668 2056 forte

122 2083 358 2136 fefellisset,
387 2082 628 2124 emendaret
654 2081 822 2123 dictum.
873 2082 932 2123 Ex
966 2082 1041 2123 hoc
1071 2084 1160 2137 ipso
1192 2096 1270 2137 quo
1300 2082 1576 2138 reprehensus
1605 2087 1669 2125 cst

120 2152 336 2195 Nestorius
358 2165 382 2192 a
403 2150 574 2206 Cyrillo,
603 2152 739 2206 coepit
768 2150 965 2204 Cyrillum
992 2151 1249 2192 haereticum
1275 2151 1513 2193 inclamare.
1564 2152 1669 2194 Data

122 2225 185 2263 est
205 2220 386 2275 synodus
408 2219 517 2275 apud
540 2218 781 2274 ¹Ephesum,
803 2223 843 2260 et
864 2233 939 2260 nec
962 2221 1020 2261 sic
1043 2219 1265 2261 emendare
1287 2220 1417 2262 voluit
1438 2220 1669 2274 Nestorius,

121 2294 167 2332 ut
189 2289 345 2332 diceret
365 2289 538 2331 Mariam
568 2287 690 2329 deum
712 2292 753 2328 et
772 2287 983 2329 hominem
1010 2290 1226 2343 genuisse,
1254 2289 1328 2331 sed
1349 2288 1497 2341 solum,
1518 2289 1668 2344 inquit,

122 2358 344 2401 hominem.
377 2356 421 2398 Si
443 2358 555 2398 enim
577 2356 801 2397 dixerimus
823 2358 919 2411 quia
941 2357 1063 2399 deum
1085 2359 1250 2411 genuit,
1272 2358 1446 2399 fecimus
1469 2356 1669 2399 ‘2inatre1n

124 2427 308 2480 deorum,
326 2427 432 2468 sicut
448 2425 635 2479 gentiles.
667 2424 796 2466 Maria
813 2439 921 2479 ergo,
938 2427 1086 2481 inquit,
1102 2426 1303 2481 templum
1323 2426 1398 2468 deo
1415 2428 1569 2480 genuit,
1587 2441 1668 2468 non

123 2498 260 2552 ipsum
281 2495 352 2550 qui
371 2496 415 2535 in
436 2493 589 2549 templo
618 2493 788 2534 habitat.
839 2495 1014 2550 Accepit
1041 2495 1250 2547 inducias,
1279 2499 1323 2535 ut
1354 2499 1426 2535 aut
1455 2495 1669 2536 damnaret

124 2564 280 2606 dictum
300 2567 341 2604 et
362 2562 515 2604 rediret
536 2561 588 2603 ad
609 2561 749 2603 sedem
771 2576 887 2604 suam
904 2565 1136 2619 episcopus,
1158 2567 1227 2604 aut
1245 2564 1278 2604 si
1297 2563 1492 2604 damnare
1510 2564 1666 2605 noluis-

124 2637 202 2687 set,
221 2637 366 2689 postea
387 2631 519 2672 redire
542 2644 624 2672 non
646 2635 797 2685 posset.
828 2631 982 2685 Noluit,
1004 2636 1045 2673 et
1066 2633 1107 2672 in
1130 2631 1274 2672 eadem
1292 2632 1550 2673 confessione
1572 2645 1666 2687 per-

124 2702 289 2743 mansit.
339 2700 459 2742 Hunc
481 2699 664 2754 synodus
688 2699 798 2754 apud
818 2700 1026 2755 Ephesum
1049 2700 1278 2741 damnavit.
1324 2700 1371 2740 In
1393 2714 1473 2754 qua
1495 2699 1665 2742 damna-

124 2771 236 2812 tione
257 2769 468 2811 Romanus
489 2781 598 2823 papa
619 2767 876 2809 Caelestinus
899 2768 1078 2824 scripsit,
1102 2772 1142 2808 et
1163 2781 1305 2809 omnes
1329 2781 1422 2809 cum
1444 2782 1490 2810 eo
1514 2769 1668 2823 pariter

125 2837 346 2881 orientales
368 2841 491 2891 atque
513 2835 790 2878 occidentales
812 2838 993 2892 episcopi
1016 2836 1362 2891 subscripserunt.

1695 1550 1763 1583 Cap.
1783 1550 1931 1576 LXXXIX.

207 2905 485 2960 Nonagesima
510 2904 713 2957 haeresis,
741 2918 862 2959 quam
892 2908 934 2947 in
961 2905 1213 2960 praefatione
1242 2909 1382 2947 nostra
1410 2904 1589 2946 diximus
1618 2905 1667 2947 (16
1693 2911 1758 2944 Cap·
1780 2913 1833 2937 XC-

125 2975 290 3017 nominc
318 2975 541 3029 Augustini
569 2974 751 3029 episcopi
778 2987 869 3015 esse
898 2975 1136 3026 mentitam,
1164 2973 1570 3016 Praedestinatorum
1590 2989 1665 3017 no-

214 3074 246 3110 3.
263 3074 279 3108 I
295 3074 446 3109 Corinth.
463 3075 539 3109 XV.
557 3075 611 3109 45.
682 3075 713 3108 4.
735 3073 750 3108 1
767 3073 918 3110 Corinth.
935 3074 1011 3110 XV.
1028 3074 1082 3109 50.

216 3119 297 3165 Cap.
315 3119 511 3156 LXXXIX.
530 3141 572 3147 —
615 3120 641 3153 1.
664 3119 944 3155 Thessalonicam
960 3120 1031 3155 MS.
1049 3121 1138 3165 Auq.
1209 3120 1239 3155 2.
1257 3124 1401 3156 matrem
1418 3120 1472 3156 dei
1486 3121 1559 3157 MS.
1577 3122 1665 3166 Auq.
