2052 3342
415 220 495 262 210
1075 216 1275 242 AUGUSTINI

415 325 448 362 si
464 325 635 362 utuntur
652 320 907 372 coniugibus,
924 324 1169 374 conceptum
1185 324 1322 360 tamen
1339 321 1727 375 generationemque
1745 319 1942 372 devitent,

416 404 464 430 ne
487 389 625 429 divina
646 388 890 437 substantia,
911 401 1014 441 quae
1038 390 1077 428 in
1101 402 1169 428 eos
1191 402 1263 442 per
1282 388 1479 429 alimenta
1499 388 1744 441 ingreditur,
1765 387 1942 429 vinculis

415 459 572 497 carneis
595 457 740 509 ligetur
762 458 802 496 111
826 456 948 510 prole.
999 456 1065 496 sic
1089 458 1239 510 quippe
1262 458 1304 496 iu
1327 470 1490 496 omnem
1512 470 1696 509 carnem,
1724 455 1767 497 id
1789 460 1851 497 est
1871 469 1943 510 per

414 539 528 566 escas
550 530 589 565 et
613 530 730 579 potus
753 520 890 565 venire
912 526 1068 564 animas
1091 524 1273 565 eredunt.
1323 523 1441 565 Unde
1470 526 1635 578 nuptias
1662 526 1750 565 sine
1779 524 1942 565 dubita-

413 595 519 633 tione
542 594 818 634 condemnant
840 596 893 643 et,
915 597 1113 646 quantum
1134 594 1174 632 in
1198 594 1298 646 ipsis
1321 595 1396 643 est,
1417 592 1658 646 prohibent,
1684 592 1846 646 quando
1869 605 1938 645 ge-

414 676 554 702 nerarr¹
577 661 808 716 prohibent.
830 665 996 714 propter
1017 660 1124 714 quod
1147 661 1333 711 coniugia
1355 659 1585 714 copulanda
1604 664 1711 701 sunt.
1749 660 1883 701 Adam
1904 663 1944 700 et

413 729 539 770 Evam
568 744 618 770 ex
644 729 882 783 parentibus
913 729 1166 783 principibus¹
1193 730 1293 769 sumi
1322 732 1513 768 asserunt
1540 732 1679 780 natos,
1708 741 1800 769 cum
1827 731 1944 783 pater

414 812 554 839 eorum
576 799 740 839 nomine
763 796 904 837 Saclas
926 799 1126 837 sociorum
1151 798 1256 837 fetus
1279 798 1462 837 omnium
1485 796 1741 848 devorasset,
1762 784 1803 836 et
1823 795 1943 850 quid-

415 866 510 920 quid
533 865 626 906 inde
649 867 914 906 commixtum
937 865 1099 906 divinae
1122 865 1376 905 substantiae
1399 868 1576 919 ceperat,
1597 878 1691 905 cum
1705 878 1829 906 uxore
1847 878 1944 906 con-

414 935 610 976 cumbens
639 936 681 975 in
710 948 829 974 carne
851 933 984 987 'prolis
1007 940 1202 987 tanquam
1223 935 1485 974 tenacissimo
1514 932 1678 974 vinculo
1701 932 1945 986 colligasset.

414 1003 621 1045 Christum
644 1007 779 1042 autem
797 1004 921 1043 fuisse
944 1003 1152 1042 affirmant
1183 1016 1303 1055 quein
1333 1001 1432 1042 dicit
1460 1005 1600 1042 nostra
1627 1002 1831 1055 scriptura
1858 1015 1944 1042 ser—

415 1081 592 1126 pentem,
613 1087 636 1112 a
658 1085 734 1124 quo
755 1070 1004 1111 illuminatos
1021 1075 1223 1121 asserunt,
1245 1074 1290 1110 ut
1307 1071 1552 1122 cognitionis
1570 1068 1708 1111 oculos
1725 1070 1945 1124 aperirent,

413 1145 451 1181 et
473 1140 627 1181 bonum
656 1139 892 1192 malumque
924 1138 1232 1191 dignoscerent:
1265 1152 1438 1192 eumque
1471 1138 1679 1179 Christum
1708 1138 1944 1179 novissimis

414 1207 663 1263 temporibus
681 1209 843 1248 venisse
861 1206 911 1247 ad
929 1208 1102 1259 animas,
1118 1220 1199 1247 non
1215 1206 1267 1247 ad
1285 1220 1453 1260 corpora
1469 1205 1694 1247 liberanda.
1723 1205 1808 1247 Nec
1819 1205 1947 1248 fuisse

414 1280 454 1318 in
477 1291 597 1318 earne
619 1290 735 1321 vera,
765 1275 837 1315 sed
860 1274 1093 1315 simulatam
1115 1277 1295 1329 speciem
1317 1276 1451 1315 earnis
1473 1273 1733 1315 ludificandis
1754 1274 1946 1316 humanis

412 1345 602 1387 sensibus
626 1344 877 1398 praebuisse,
898 1343 970 1384 ubi
990 1357 1072 1383 11011
1095 1343 1225 1384 solum
1247 1347 1434 1395 mortem,
1455 1357 1598 1383 verum
1619 1344 1743 1383 etiam
1763 1356 1946 1384 resurre-

413 1416 589 1455 ctionem
612 1412 800 1453 similiter
821 1413 1077 1453 mentiretur.
1127 1411 1259 1453 Deum
1291 1413 1360 1465 qui
1381 1411 1513 1464 legem
1538 1425 1610 1466 per
1629 1411 1799 1465 Moysen
1820 1409 1948 1464 dedit,

413 1484 514 1523 etin
537 1481 735 1523 Hebraeis
758 1480 967 1535 prophetis
991 1480 1149 1521 locutus
1180 1483 1263 1531 est,
1290 1493 1373 1521 non
1404 1493 1494 1521 esse
1525 1493 1668 1521 verum
1700 1477 1844 1533 deum,
1875 1479 1947 1521 sed

412 1565 537 1592 111111111
561 1564 608 1591 ex
630 1549 885 1604 principibus
907 1548 1182 1589 tenebrarum.
1233 1548 1447 1603 Ipsiusque
1469 1548 1708 1589 testamenti
1728 1548 1824 1589 novi
1844 1548 1945 1590 scri-

412 1629 550 1674 pturas
573 1623 770 1672 tanquam
791 1616 1002 1658 infalsatas
1026 1618 1082 1657 ita
1102 1616 1263 1669 legunt,
1289 1621 1334 1657 ut
1361 1618 1470 1670 quod
1491 1616 1696 1658 voluerint
1720 1613 1817 1658 inde
1837 1617 1947 1658 acci-

413 1690 546 1742 piant,
575 1686 681 1742 quod
712 1686 857 1727 nolunt
886 1687 1092 1738 reiieiant,
1121 1687 1261 1739 eisque
1290 1684 1529 1740 ¹2tanquam
1556 1688 1689 1726 totum
1708 1697 1853 1726 verum
1872 1684 1946 1727 ha-

415 1756 556 1797 bentes
578 1755 796 1797 nonnullas
819 1754 1074 1808 apocryphas
1096 1757 1361 1808 anteponant.
1408 1753 1770 1795 ¹³Pr0missionem
1791 1753 1947 1795 domini

414 1825 503 1865 lesu
525 1823 676 1865 Christi
698 1823 746 1863 (10
769 1821 965 1877 paraclito
988 1823 1134 1877 spiritu
1163 1827 1304 1863 sancto
1333 1823 1375 1863 in
1405 1835 1477 1863 suo
1506 1821 1794 1863 haeresiarcha
1813 1821 1946 1864 Mani-

413 1893 535 1934 chaeo
559 1892 701 1932 dicunt
722 1904 812 1930 esse
836 1889 1090 1945 completam.
1133 1889 1252 1932 Unde
1275 1904 1318 1931 se
1339 1891 1382 1932 in
1404 1891 1488 1931 suis
1510 1889 1660 1931 litteris
1679 1889 1774 1931 Iesu
1795 1890 1947 1932 Christi

411 1960 642 2017 apostolum
663 1959 780 2010 dicit,
809 1973 854 1999 00
884 1958 991 2012 quod
1011 1958 1126 1999 Iesus
1149 1958 1336 2000 Christus
1364 1973 1405 2000 se
1434 1960 1660 2000 missurum
1681 1971 1770 1999 esse
1792 1960 1945 2014 promi-

412 2031 530 2081 serit,
559 2033 677 2082 atque
700 2029 743 2068 111
766 2026 833 2067 1110
855 2028 1015 2067 miserit
1036 2028 1226 2081 spiritum
1248 2031 1449 2069 sanctum.
1498 2026 1670 2081 Propter
1691 2026 1801 2081 quod
1821 2027 1947 2069 etiam

412 2100 497 2153 ipse
519 2096 783 2138 Manichaeus
809 2094 1025 2136 duodecim
1053 2095 1276 2149 discipulos
1305 2095 1469 2148 habuit,
1497 2094 1549 2137 ad
1576 2097 1709 2136 instar
1733 2094 1948 2150 apostolici

412 2167 593 2217 numeri,
615 2178 737 2218 quem
758 2177 974 2204 munerum
994 2163 1225 2204 Manichaei
1245 2163 1448 2218 hodieque
1472 2163 1721 2205 custodiunt.
1770 2163 1878 2206 Nam
1897 2177 1947 2205 ex

413 2234 553 2276 electis
577 2234 660 2273 suis
681 2232 837 2273 habent
860 2231 1089 2284 duodecim,
1112 2245 1212 2286 quos
1234 2231 1446 2287 appellant
1464 2233 1699 2285 magistros,
1720 2235 1761 2273 et
1779 2233 1948 2274 tertium

414 2303 620 2345 decimum
646 2301 878 2356 principem
900 2301 1104 2353 ipsorum3
1134 2302 1348 2355 episcopos
1376 2303 1514 2341 autem
1542 2301 1805 2354 septuaginta
1830 2299 1946 2353 dUOS,

412 2374 481 2425 qui
503 2370 742 2412 ordinantur
763 2382 787 2408 a
806 2369 1013 2420 magistris
1026 2400 1037 2420 ,
1059 2373 1100 2409 et
1120 2368 1404 2423 presbyteros,
1432 2369 1501 2422 qui
1523 2368 1766 2409 ordinantur
1786 2367 1837 2410 ab
1860 2370 1945 2423 epi-

413 2442 535 2495 sopis.
583 2437 749 2480 Habent
779 2437 903 2476 etiam
930 2438 1111 2490 episcopi
1138 2436 1344 2478 diaconos.
1393 2436 1481 2477 Iam
1510 2437 1635 2477 ceteri
1660 2436 1946 2478 tantummodo

413 2509 533 2549 electi
552 2509 761 2548 vocantur.
812 2503 894 2545 Sed
921 2505 1142 2545 mittuntur
1170 2506 1293 2545 etiam
1321 2506 1401 2559 ipsi
1429 2505 1497 2558 qui
1523 2504 1718 2546 videntur
1736 2503 1875 2546 idonei
1894 2503 1946 2546 ad

414 2577 520 2618 hunc
542 2588 719 2616 errorem
739 2573 804 2614 vel
824 2572 896 2613 ubi
917 2579 979 2613 est
1000 2573 1316 2614 sustentandum
1337 2576 1379 2613 et
1404 2572 1657 2626 augendum,
1683 2572 1751 2614 vel
1770 2572 1841 2615 ubi
1860 2586 1940 2615 non

412 2649 475 2685 est
495 2645 621 2684 etiam
641 2640 940 2683 seminandum.
989 2640 1253 2695 Baptismum
1280 2642 1323 2682 in
1344 2655 1450 2695 aqua
1468 2640 1574 2682 nihil
1594 2642 1786 2695 cuiquam
1805 2641 1944 2696 perhi-

413 2714 512 2754 bent
533 2712 675 2753 salutis
697 2711 862 2762 afferre,
888 2722 965 2750 nec
995 2722 1244 2763 quemquam
1272 2723 1411 2750 eorum
1438 2722 1539 2763 quos
1568 2709 1782 2764 decipiunt
1808 2709 1943 2763 bapti-

413 2781 588 2822 zandum
598 2783 757 2835 putant.
789 2778 1003 2820 Orationes
1014 2776 1171 2818 faciunt
1182 2777 1234 2818 ad
1246 2777 1376 2818 solem
1386 2791 1458 2832 per
1472 2776 1594 2830 diem,
1615 2790 1943 2832 quaquaversum

414 2851 580 2899 circuit,
609 2847 661 2889 ad
681 2847 822 2889 lunam
842 2860 915 2901 per
934 2849 1120 2898 noctem,
1149 2847 1185 2887 si
1205 2849 1392 2900 apparet3
1423 2846 1459 2886 si
1486 2849 1623 2887 autem
1649 2859 1734 2888 non
1761 2848 1943 2901 apparet,

483 3019 531 3052 12.
547 3018 604 3051 Sic
621 3023 746 3051 veteres
766 3016 863 3051 MSS.
911 3017 961 3049 Ac
984 3018 1066 3050 editi
1080 3019 1245 3060 tanquam
1274 3026 1344 3052 11011
1364 3020 1475 3052 totum
1496 3023 1614 3050 verum
1629 3013 1833 3051 habentibus
1854 3025 1940 3049 non-

412 3065 524 3097 nullas
548 3070 621 3097 cett.
648 3062 805 3107 (Bened.)
877 3061 1084 3098 13.10hann.
1102 3061 1193 3097 XVI.
1213 3063 1242 3097 7.
