2052 3342
181 1958 246 1990 sap.
267 1957 370 1983 LVIII.

216 2437 282 2468 Cap.
301 2435 374 2461 LIX.

385 212 431 252 21
440 212 464 251 4
1054 207 1255 233 AUGUSTIm

385 327 509 355 unam
539 314 744 353 haeresim
773 313 902 366 ponit.
948 311 1153 353 Dicuntur
1179 310 1379 352 Euchitae
1409 312 1569 365 opinari
1598 308 1815 352 monachis
1845 320 1926 349 non

387 382 506 422 licere
530 379 824 421 sustentandae
848 381 956 420 vitae
978 392 1076 420 suae
1099 393 1223 419 causa
1244 377 1400 432 aliquid
1421 380 1603 432 operari,
1631 381 1753 431 atque
1783 378 1842 417 ita
1862 388 1906 416 se

388 452 495 504 ipsos
519 448 740 490 monachos
765 449 960 502 111-0111011,
980 452 1026 488 ut
1048 448 1214 488 0111111110
1237 446 1288 487 ab
1312 447 1504 502 operibus
1526 450 1686 487 vacent.

469 516 609 571 Usque
632 516 683 556 ad
708 518 807 556 istos
836 530 930 564 ergo
960 515 1009 556 110
1038 515 1279 556 haeresibus
1308 529 1409 570 opus
1431 528 1550 555 suum
1572 513 1766 569 perduxit
1787 526 1931 569 supra-

387 587 520 626 dictus
543 587 759 639 episcopus
784 586 971 638 Cyprius,
993 584 1100 638 apud
1126 584 1302 624 (11110003
1326 585 1432 624 iuter
1451 596 1621 636 magnos
1641 580 1826 633 habitus,
1848 584 1889 622 et
1910 594 1935 622 a

388 654 527 695 multis
551 655 591 694 in
615 652 840 694 catholicae
867 652 958 692 lidei
983 654 1160 692 sanitate
1184 652 1386 692 laudatus.
1438 651 1565 692 Cuius
1587 664 1660 703 ego
1682 652 1725 691 in
1748 662 1931 692 comme-

387 721 595 764 morandis
617 721 835 762 haereticis
860 734 940 761 non
963 720 1146 772 modum,
1168 719 1238 761 sed
1263 720 1449 761 ordinem
1477 732 1570 760 sum
1599 722 1778 760 secutus.
1826 716 1935 760 Nam

387 797 424 831 01
447 790 583 843 aliqua
607 803 654 829 ex
678 789 768 829 aliis
794 790 907 843 posui
932 803 1035 842 quae
1063 790 1149 842 ipse
1180 802 1259 829 non
1285 789 1441 842 posuit,
1471 791 1511 828 et
1538 787 1677 841 aliqua
1703 799 1789 828 non
1813 787 1934 842 posui

388 873 490 913 quae
515 861 601 913 ipse
623 859 780 912 pos-uin
807 858 945 910 itaque
975 856 1053 897 alia
1086 856 1207 897 latius
1236 869 1359 910 quam
1381 858 1490 910 ipse,
1515 854 1596 896 alia
1623 857 1749 896 etiam
1768 853 1935 895 brevius

388 927 605 982 explicavi,
629 938 850 980 paremque
873 926 915 966 in
938 924 1150 966 nonnullis
1168 923 1335 965 exhibui
1355 924 1617 975 brevitatem,
1639 924 1777 965 omnia
1791 921 1934 964 mode-

390 1009 482 1035 rans
505 997 611 1036 sicut
632 995 875 1035 intentionis
898 1006 1011 1033 nicae
1034 994 1135 1033 ratio
1157 992 1407 1048 postulabat.
1439 990 1617 1034 Proinde
1638 990 1708 1032 ille
1726 990 1776 1032 de
1793 994 1935 1032 octua-

388 1065 496 1117 ginta
523 1063 777 1114 haeresibus,
799 1062 1000 1115 separatis
1023 1062 1182 1114 viginti,
1205 1075 1306 1114 quas
1328 1064 1423 1102 ante
1445 1060 1601 1102 domini
1619 1059 1845 1101 adventum
1865 1072 1936 1099 ex-

390 1133 538 1183 titisse,
560 1132 661 1171 sicut
687 1132 723 1171 ei
746 1131 879 1170 visum
901 1133 978 1180 cst,
1001 1130 1276 1183 computavit,
1298 1129 1476 1183 reliquas
1499 1133 1593 1185 post
1613 1129 1767 1170 domini
1789 1140 1936 1169 asceu-

390 1214 481 1242 sum
505 1204 621 1240 natas
644 1200 859 1251 sexaginta
888 1198 1144 1239 brevissimis
1175 1197 1290 1238 libris
1314 1200 1493 1252 quinque
1518 1196 1852 1252 comprehendit,
1873 1200 1936 1237 at-

390 1282 468 1324 que
491 1281 634 1310 01111103
657 1281 728 1308 sex
752 1267 878 1308 libros
902 1268 1026 1307 totius
1048 1265 1235 1307 eiusdem
1256 1267 1320 1307 sui
1343 1268 1476 1321 operis
1499 1266 1633 1308 ssfecit.
1677 1264 1761 1318 Ego
1784 1267 1938 1316 autem,

391 1339 486 1393 quia
517 1335 747 1378 secundum
781 1336 1024 1389 petitionem
1056 1338 1169 1375 tuam
1200 1347 1269 1375 cas
1300 1334 1491 1376 haereses
1512 1346 1740 1376 memorare
1762 1333 1939 1384 institui,

391 1420 495 1461 quae
528 1409 622 1461 post
658 1404 997 1457 glorificationem
1027 1402 1180 1444 Christi
1209 1416 1252 1444 sc
1281 1401 1479 1444 adversus
1511 1401 1742 1445 doctrinam
1773 1399 1940 1453 Christi,

392 1477 517 1516 etiam
546 1473 622 1515 sub
653 1472 858 1513 velamine
887 1471 1110 1512 Christiani
1143 1472 1321 1513 nominis
1354 1470 1612 1524 extulerunt,
1639 1469 1940 1525 quinquaginta

393 1548 552 1598 30111001
574 1555 622 1582 ex
644 1540 861 1596 Epiphanii
889 1542 1018 1595 ipsius
1040 1552 1164 1595 opere
1185 1541 1228 1581 iu
1248 1553 1389 1580 meum
1406 1538 1614 1592 transtuli,
1636 1537 1738 1580 duas
1754 1539 1797 1579 in
1815 1551 1940 1579 unam

395 1612 596 1664 reserens,
625 1609 694 1650 ubi
715 1608 874 1650 nullam
895 1608 1171 1649 differentiam
1193 1610 1308 1663 potui
1330 1609 1530 1663 reperire,
1553 1611 1595 1648 et
1614 1620 1757 1648 rursus
1779 1605 1851 1648 ubi
1871 1605 1940 1646 ille

393 1694 444 1721 ex
466 1679 624 1721 duabus
658 1691 781 1718 unam
811 1677 943 1718 facere
972 1677 1120 1730 voluit,
1152 1676 1228 1717 sub
1261 1677 1444 1718 numeris
1475 1677 1560 1717 suis
1593 1674 1776 1730 singulas
1807 1675 1940 1730 posui.

393 1748 474 1791 Sed
496 1747 629 1789 adhuc
653 1759 974 1788 commemorare
1006 1745 1135 1786 debeo
1164 1746 1250 1786 sive
1281 1758 1382 1799 quas
1410 1744 1521 1799 apud
1541 1743 1644 1786 alios
1665 1744 1823 1800 reperi,
1853 1743 1940 1783 sive

394 1831 494 1872 quas
519 1819 605 1872 ipse
627 1815 884 1856 reminiscor.
934 1813 1053 1855 Nunc
1084 1826 1178 1867 ergo
1207 1812 1312 1854 addo
1336 1826 1437 1866 quas
1458 1811 1664 1854 Philaster
1682 1812 1844 1867 posuit,
1863 1823 1940 1852 1100

393 1886 529 1941 posuit
551 1883 818 1939 Epiphanius.

477 1952 862 2005 Metangismonitae
892 1950 971 1992 (lici
1001 1954 1177 2006 possunt
1205 1951 1274 2004 qui
1298 1949 1603 2002 Metangismon
1632 1951 1846 2001 asserunt,
1875 1946 1938 1989 di-

396 2026 535 2064 centes
557 2022 616 2062 sic
638 2033 727 2061 esse
750 2021 792 2060 in
813 2025 929 2074 patre
948 2019 1091 2072 lilium,
1113 2017 1316 2073 quomodo
1335 2031 1408 2059 vas
1425 2018 1469 2059 in
1484 2031 1597 2070 vase,
1619 2017 1737 2072 quasi
1753 2016 1833 2058 duo
1851 2029 1940 2058 cor-

394 2105 493 2147 pora
522 2088 742 2131 carnaliter
769 2089 1009 2143 opinantes,
1039 2089 1096 2128 ita
1122 2091 1168 2128 ut
1195 2087 1304 2128 filius
1331 2088 1460 2127 intret
1484 2087 1529 2127 in
1552 2089 1715 2141 patrem
1742 2088 1941 2140 tanquam

394 2173 468 2201 vas
488 2159 625 2200 minus
648 2159 690 2197 in
712 2170 784 2197 vas
805 2158 952 2198 maius.
982 2155 1103 2198 Unde
1126 2160 1167 2196 et
1187 2155 1270 2196 tale
1292 2168 1444 2196 nomen
1464 2154 1532 2195 hic
1555 2167 1668 2196 error
1687 2155 1871 2209 accepit,
1898 2156 1945 2195 ut

397 2225 668 2286 μεταγγισμὸς
691 2226 844 2267 Graece
866 2224 1091 2273 diceretur-3
1114 2225 1277 2282 ἀγγεῖον
1305 2224 1457 2279 quippe
1484 2221 1557 2263 illa
1577 2221 1718 2275 lingua
1736 2235 1810 2263 vas
1838 2220 1941 2264 dici—

398 2301 476 2348 tur,
499 2295 573 2336 sed
594 2295 785 2335 introitus
815 2294 937 2334 unius
965 2295 1075 2334 vasis
1104 2294 1147 2332 in
1169 2291 1345 2332 alterum
1379 2291 1525 2332 Latine
1558 2304 1640 2332 uno
1668 2291 1838 2332 nomine
1859 2303 1943 2332 non

397 2368 534 2421 potest
555 2363 637 2404 dici
658 2364 765 2403 sicut
787 2362 938 2403 Graece
961 2362 1096 2415 potuit
1117 2359 1397 2418 ζιεταγγισρῄς.
1511 2415 1515 2419 ¹

483 2432 716 2474 Seleuciam
737 2434 833 2471 sunt
852 2429 917 2470 vel
937 2429 1151 2469 Hermiani
1173 2428 1224 2470 ab
1246 2428 1484 2470 auctoribus
1505 2426 1677 2469 Seleuco
1701 2430 1742 2468 et
1760 2427 1943 2480 Hermia,

400 2503 468 2557 qui
491 2501 786 2541 elementorum
805 2499 1042 2549 materiam,
1071 2496 1121 2538 cle
1144 2510 1226 2551 qua
1244 2497 1377 2538 factus
1399 2500 1464 2538 est
1481 2495 1683 2549 mundus,
1710 2509 1794 2538 non
1821 2509 1846 2536 a
1867 2494 1942 2537 deo

399 2571 551 2612 factam
566 2569 722 2620 dicunt,
743 2565 815 2608 sed
833 2566 906 2607 deo
925 2569 1198 2607 coaeternam.
1229 2565 1316 2606 Nec
1333 2566 1516 2606 animam
1531 2563 1605 2605 deo
1622 2563 1812 2605 tribuunt
1827 2577 1941 2606 crea-

399 2640 493 2690 tori,
516 2637 588 2678 sed
610 2640 814 2678 creatores
836 2647 926 2676 esse
949 2635 1180 2674 animarum
1200 2632 1367 2687 angelos
1387 2631 1533 2674 volunt
1564 2631 1614 2672 de
1641 2633 1736 2685 igne
1759 2635 1800 2673 et
1820 2633 1941 2688 spiri-

400 2712 457 2748 tu.
486 2705 642 2748 Malum
662 2708 802 2745 autem
822 2705 1014 2744 asserunt
1035 2714 1126 2742 esse
1147 2700 1366 2756 aliquando
1388 2715 1413 2742 a
1433 2700 1529 2752 deo,
1556 2699 1779 2754 aliquando
1808 2713 1833 2740 a
1851 2713 1940 2741 ma-

400 2776 516 2816 teria.
559 2773 721 2826 Negant
742 2771 988 2813 salvatorem
1009 2771 1053 2810 in
1074 2782 1195 2811 carne
1217 2769 1360 2811 sedere
1381 2768 1435 2810 ad
1455 2768 1670 2810 dexteram
1688 2769 1840 2824 patris,
1868 2766 1941 2810 sed

402 2858 450 2884 ea
470 2857 512 2885 se
535 2842 697 2884 exuisse
718 2839 952 2896 perhibent,
973 2850 1144 2892 eamque
1164 2839 1208 2879 in
1229 2837 1314 2879 sole
1329 2837 1533 2893 posuisse,
1553 2837 1806 2892 accipientes
1822 2849 1940 2878 occa-

471 3013 501 3046 6.
523 3012 625 3046 Edita·
645 3011 682 3045 in
703 3020 767 3044 sex
789 3008 894 3043 libros
917 3009 1024 3043 totius
1052 3007 1206 3042 eiusdem
1229 3008 1284 3042 sui
1300 3007 1411 3053 operis
1431 3006 1514 3041 fecit
1536 3005 1703 3041 concludi.
1748 3003 1846 3038 MSS.
1862 3015 1940 3038 vero

405 3070 463 3092 uec
481 3058 604 3092 habent
612 3055 824 3101 particulam
840 3054 885 3096 in,
904 3066 963 3088 nee
980 3054 1112 3088 verbum
1128 3053 1296 3088 concludi.
1345 3051 1501 3097 (Bened.)
