2052 3342
122 996 186 1026 Cap.
208 994 304 1018 xxiv.

141 1269 204 1298 t‘ap.
226 1267 306 1291 XXV.

121 1404 192 1436 cap.
210 1404 306 1428 xxv1.

110 1679 177 1711 Cap.
197 1678 308 1702 xxvu.

96 1952 162 1986 Cap.
182 1952 309 1978 xxvul.

325 201 404 241 31ss
1042 194 1152 220 PAULI

327 303 443 344 donis
466 302 612 354 dogma
632 303 799 340 secutus
821 298 996 340 alterum
1018 299 1171 340 bonum
1199 300 1240 338 et
1261 297 1437 338 alterum
1463 299 1618 338 iustum
1648 297 1771 339 deum
1799 308 1868 337 as-

326 372 465 422 seruit,
487 374 697 422 tamquam
719 368 798 409 duo
821 369 1025 423 principia
1041 366 1237 408 creatoris
1259 369 1299 406 et
1321 366 1333 389 ¹
1347 365 1555 408 bonitatis.
1588 365 1742 407 Contra
1760 364 1871 406 huno

326 441 579 492 scripserunt
600 436 830 488 Nus-tinus,
852 435 1120 490 philosophus
1143 439 1183 475 et
1204 439 1373 488 martyr,
1403 438 1444 474 et
1464 433 1754 490 ³Theophylus
1775 446 1870 474 sex-

327 512 390 547 tus
422 504 704 547 Antiochenae
736 504 935 546 ecclesiae
971 506 1201 559 episcopus.
1261 502 1537 557 *Polycarpus
1567 501 1754 543 Smirnae
1783 499 1872 556 epi-

327 588 496 630 scopuS,
524 573 719 615 Iohannis
742 573 917 629 apostoli
946 572 1195 627 discipulus,
1217 575 1384 627 propter
1411 570 1611 626 quasdam
1632 583 1756 626 super
1786 569 1874 611 dies

328 643 504 699 paschae
527 644 789 697 quaestiones
818 642 894 683 sub
923 643 1169 696 imperatore
1197 640 1432 681 5Antonino
1468 639 1561 692 Pio,
1590 639 1810 680 ecclesiam
1830 638 1875 678 in

327 711 437 753 Urbe
461 716 627 765 regente
649 710 840 763 Aniceto,
873 710 1046 751 Romam
1067 711 1195 761 venit,
1222 708 1292 749 ubi
1313 708 1466 749 multos
1488 706 1746 749 credentium
1764 706 1874 748 Mar-

329 780 458 821 cionis
481 785 521 820 et
543 779 752 820 Valentini
774 780 1042 835 persuasione
1073 778 1268 833 deceptos
1297 776 1462 817 reduxit
1489 776 1541 818 ad
1562 775 1700 817 fidem.
1750 774 1874 816 Cum-

329 863 405 903 que
435 850 472 889 ei
501 848 667 889 fortuito
697 848 862 889 obviam
892 847 1039 888 suisset
1063 846 1247 888 Marcion
1275 849 1316 886 et
1343 845 1537 898 dixisset,
1565 844 1773 899 Cognosce
1800 856 1876 885 nos

329 916 572 972 polycarpe!
595 916 824 971 respondit,
846 916 1056 969 Cognosco
1079 915 1400 971 primogenitum
1423 913 1588 954 diaboli.

414 985 691 1026 Valentiniani
719 1000 743 1024 a
764 984 974 1039 praedicto
1006 984 1241 1036 Valentino,
1269 982 1470 1038 praedicti
1499 981 1721 1022 Marcionis
1751 979 1876 1022 disci-

328 1054 437 1109 pulo,
459 1059 556 1094 sunt
571 1053 730 1104 vocati,
752 1055 821 1107 qui
844 1054 1052 1105 ¹Aeonas,
1075 1052 1114 1093 id
1133 1057 1197 1093 est
1213 1051 1355 1092 aecula
1375 1050 1599 1105 quaedam,
1620 1051 1662 1090 in
1679 1048 1880 1102 originem

330 1122 394 1163 dei
418 1123 614 1163 creatoris
643 1121 828 1173 induxit,
859 1120 1171 1175 ²Christu1nque
1202 1121 1251 1161 ‹le
1281 1121 1437 1173 virgine
1467 1118 1570 1159 nihil
1599 1118 1782 1173 corporis
1811 1131 1877 1157 as-

331 1192 572 1245 sumpsisse,
594 1189 665 1231 sed
691 1204 762 1245 per
784 1204 873 1230 eam
896 1191 1011 1243 quasi
1035 1203 1106 1244 per
1129 1188 1308 1229 fistulam
1331 1189 1529 1228 transisse
1549 1187 1738 1227 asseruit.

416 1259 664 1314 ¹Apellitae,
701 1272 873 1312 quorum
907 1262 1048 1298 auctor
1083 1257 1271 1312 Apelles:
1309 1258 1378 1310 qui
1415 1256 1519 1297 dixit
1554 1254 1764 1295 Christum
1798 1267 1881 1295 non

333 1328 456 1369 deum
479 1328 519 1367 in
543 1328 728 1379 veritate,
751 1327 823 1368 sed
845 1327 1053 1367 hominem
1076 1327 1117 1366 in
1139 1326 1359 1380 phantasia
1379 1325 1632 1379 apparuisse.

418 1397 426 1420 ¹
443 1396 607 1437 Tatiani
629 1410 651 1436 a
675 1395 850 1449 quodam
871 1395 1044 1436 Tatiano
1061 1395 1211 1446 vocati,
1233 1395 1303 1448 qui
1320 1391 1635 1434 et2Enc1-atitae
1653 1390 1769 1444 dicti,
1787 1392 1884 1446 quia

333 1478 477 1506 carnes
506 1464 834 1506 ³abominantur.
887 1464 1043 1505 lIorum
1072 1462 1262 1503 haeresin
1299 1461 1552 1515 adaugentes
1583 1459 1820 1513 Severiani,
1860 1473 1884 1500 a

333 1534 484 1574 Severo
516 1535 668 1585 exorti,
694 1535 837 1574 vinum
864 1546 947 1574 non
977 1531 1144 1584 bibunt,
1170 1534 1288 1571 vetus
1318 1532 1615 1571 testamentum
1637 1532 1679 1569 et
1698 1541 1882 1570 resurre-

335 1604 512 1644 ctionem
534 1616 616 1643 non
639 1603 855 1657 recipiunt.

419 1670 634 1723 ¹No'etani,
656 1685 679 1711 a
699 1670 877 1724 quodam
899 1669 1028 1711 Nocte
1051 1669 1199 1720 vocati,
1221 1667 1290 1722 qui
1311 1666 1531 1708 2dicebant
1551 1665 1762 1707 Christum
1782 1679 1884 1706 eun-

335 1739 428 1781 dem
456 1753 545 1780 esse
575 1743 617 1780 et
643 1744 802 1794 patrem
831 1743 871 1779 et
897 1739 1088 1793 spiritum
1117 1741 1328 1789 sanctum,
1357 1737 1572 1790 ipsamque
1593 1735 1820 1776 trinitatem
1842 1735 1885 1775 in

334 1808 562 1849 officiorum
590 1807 851 1859 nominibus,
880 1821 962 1848 non
990 1808 1030 1847 in
1061 1807 1248 1861 personis
1277 1805 1499 1859 accipiunt.
1531 1803 1652 1846 Unde
1681 1806 1722 1844 et
1748 1803 1883 1845 Patri-

334 1877 517 1932 passiani
540 1876 747 1928 dicuntur,
770 1877 865 1929 quia
886 1879 1044 1930 patrem
1066 1888 1236 1930 passum
1257 1873 1413 1915 dicunt.

420 1944 646 1986 Sabelliani
668 1945 719 1985 ab
742 1943 888 1985 eode'm
908 1943 1037 1985 vNo'eto
1059 1942 1286 1998 pullulasse
1316 1941 1530 1994 dicuntur,
1558 1940 1675 1982 cuius
1703 1939 1884 1995 discipu-

333 2014 419 2055 lum
440 2013 566 2054 fuisse
580 2012 826 2063 Sabellium3
849 2026 898 2053 ex
920 2013 1036 2053 cuius
1058 2013 1225 2053 nomine
1248 2011 1428 2051 maxime
1450 2011 1734 2051 innotuerunt.
1765 2007 1887 2050 Unde

336 2088 377 2124 et
398 2081 623 2124 Sabelliani
646 2081 745 2122 dicti
768 2086 877 2121 sunt.
926 2081 979 2122 Hi
1008 2094 1133 2121 unam
1154 2093 1375 2135 personam
1402 2079 1533 2133 patris
1564 2081 1606 2118 et
1633 2077 1706 2118 filii
1734 2080 1775 2118 et
1801 2077 1886 2132 spi-

337 2153 439 2192 ritus
461 2152 596 2191 sancti
617 2153 820 2190 astruunt.
873 2149 1024 2191 Contra
1045 2148 1150 2189 hanc
1179 2147 1393 2199 haeresin,
1414 2151 1600 2201 tempore
1620 2145 1780 2187 Aurelii
1806 2146 1885 2187 im-

336 2221 537 2275 peratoris
559 2222 757 2270 exortam,
779 2219 946 2272 scripsit
974 2218 1220 2271 ¹Dionysius
1249 2214 1554 2257 Alexandrinae
1582 2214 1697 2256 urbis
1726 2215 1886 2269 episco-

337 2303 428 2344 pus,
451 2287 638 2341 Origenis
661 2286 822 2327 auditor
843 2287 1163 2339 insignissimus.
1195 2285 1312 2326 Hanc
1335 2285 1460 2325 etiam
1474 2287 1660 2339 tempore
1682 2282 1886 2325 Constan-

340 2359 421 2398 tini
454 2356 715 2410 imperatoris
742 2353 890 2395 2Arius
928 2354 1144 2409 presbyter
1170 2353 1478 2394 Alexandrinus
1517 2365 1710 2407 perverse
1743 2350 1889 2393 volens

340 2426 540 2478 corrigere
563 2427 830 2466 coaeternum
845 2424 954 2478 patri
973 2422 1104 2463 filium
1125 2436 1209 2463 non
1230 2423 1410 2476 agnovit,
1431 2422 1474 2462 in
1494 2422 1682 2461 trinitate
1704 2419 1887 2462 diversas

340 2494 595 2536 substantias
617 2493 808 2545 asseruit,
830 2495 973 2533 contra
992 2490 1096 2532 illud
1117 2490 1250 2545 3quod
1272 2492 1331 2531 ait
1352 2489 1557 2542 dominus,
1583 2488 1690 2542 4Eg0
1711 2492 1753 2529 et
1770 2491 1889 2543 pater

431 2594 513 2640 Cap.
530 2593 659 2628 XXIH.
677 2613 719 2617 —
748 2593 775 2626 1.
794 2593 851 2625 Ita
869 2594 941 2626 cod.
960 2591 1041 2625 975.
1075 2592 1125 2624 At
1140 2593 1212 2626 cod.
1231 2591 1335 2624 1752.
1354 2591 1455 2625 habet
1468 2589 1629 2624 hominis.
1687 2588 1718 2623 2.
1738 2588 1787 2633 Cf.
1806 2588 1887 2621 Hie-

340 2653 463 2684 ronym.
483 2642 504 2675 l.
523 2641 544 2673 l.
564 2652 641 2684 cap.
656 2638 718 2672 23.
788 2637 819 2673 3.
839 2638 888 2682 Cf.
907 2638 1099 2680 Hierouym.
1118 2638 1139 2671 l.
1158 2638 1177 2670 ί.
1198 2649 1274 2681 cap.
1292 2637 1349 2670 25.
1409 2636 1440 2670 4.
1467 2636 1504 2670 V.
1521 2636 1713 2678 Hieronym.
1731 2635 1752 2667 l.
1771 2635 1791 2666 l.
1811 2645 1887 2678 cap.

342 2687 408 2728 17„
428 2688 512 2719 unde
529 2686 613 2718 llaec
630 2687 773 2729 repetita
791 2690 874 2717 sunt.
945 2683 976 2716 5.
1001 2683 1142 2716 antonio
1159 2683 1215 2727 pio
1241 2684 1312 2716 cod.
1331 2682 1414 2715 975.
1431 2682 1570 2715 antonio
1592 2691 1653 2726 pro
1671 2680 1742 2713 eod.
1760 2677 1865 2711 1752.

432 2731 513 2776 Cap.
530 2730 658 2764 XXIV.
675 2751 719 2755 —
746 2730 773 2763 1.
800 2740 904 2763 eonas
930 2730 1001 2762 eod.
1020 2728 1101 2761 975.
1119 2739 1224 2762 conas
1243 2729 1316 2763 cod.
1335 2727 1441 2761 1752.
1510 2726 1540 2760 2.
1564 2727 1622 2759 Ita
1645 2726 1792 2764 corre-vl,
1815 2735 1888 2756 cum

344 2780 375 2809 ιή
394 2778 490 2810 libris
508 2779 642 2809 vetustis
658 2777 791 2819 legatur
808 2774 981 2808 Christum
999 2773 1099 2818 quod.
1132 2774 1161 2805 A
1162 2775 1238 2818 pud
1253 2774 1427 2807 Isidorum
1444 2778 1538 2806 extat
1552 2770 1724 2806 Christum
1740 2779 1887 2814 quoque.

433 2822 514 2867 Cap.
531 2821 644 2855 XXV.
660 2821 704 2845 —‘
731 2821 759 2855 1.
777 2821 946 2865 Appellite
964 2830 1111 2864 quorum
1128 2822 1226 2852 autor
1243 2819 1395 2864 appelles
1413 2819 1508 2853 codd.

433 2868 515 2912 Cap.
532 2866 661 2901 XXVI.
679 2885 722 2890 —
750 2866 777 2899 l.
802 2866 943 2899 Taeiani
967 2876 987 2898 a
1010 2864 1158 2910 quodam
1182 2865 1332 2898 Taciano
1358 2865 1454 2897 codd.
1523 2862 1554 2895 2.
1579 2855 1766 2896 ancfethjte
1791 2861 1887 2894 codd.

344 2912 375 2945 3.
393 2913 659 2946 abhominantur
676 2912 748 2944 cod.
767 2910 848 2943 975.
866 2910 1130 2944 abhominentur
1147 2911 1218 2943 eod.
1237 2909 1342 2944 1752.

435 2959 516 3002 Cap.
532 2956 677 2992 XXVII.
695 2977 738 2981 —
765 2956 793 2989 l.
810 2955 981 2989 Noethani
997 2957 1092 2989 codd.
1163 2954 1194 2988 2.
1212 2955 1349 2989 dicebat
1365 2955 1460 2988 codd.

436 3003 516 3048 Cap.
533 3001 693 3036 XXVIII.
709 3022 753 3026 —
780 3001 808 3034 1.
828 3001 878 3046 CJ.
895 3001 1089 3045 Hieronym.
1123 3000 1176 3033 De
1197 3000 1336 3045 Scripta
1360 2999 1490 3033 Eccles.
1510 3008 1585 3043 cap.
1605 2995 1660 3030 68.
1714 2995 1746 3031 2.
1768 2995 1887 3030 Arrius

351 3048 445 3083 codd.
516 3047 546 3082 3.
565 3047 703 3093 quidem
720 3048 815 3080 codd.
892 3046 923 3080 4.
940 3046 1081 3081 Iohann.
1099 3045 1145 3081 X.
1162 3045 1216 3080 30.

2007 158 2052 296 ³2
