2052 3374
1612 202 1692 243 393

149 302 239 337 hane
254 301 503 336 admixtionem
525 302 646 336 acriter
667 306 802 348 urgent.
835 301 1051 337 Guilhelmus
1067 302 1243 336 Durantus
1265 303 1301 337 in
1323 302 1481 337 rational.
1496 302 1598 337 divin.
1618 303 1692 337 offi-

151 349 282 383 ciorum
298 348 356 382 lib.
375 347 412 382 V.
429 347 488 382 fol.
507 348 560 382 70.
584 348 681 381 Sicut
695 361 785 394 aqua
802 351 874 382 sine
889 352 964 382 vino
983 352 1179 382 consecrari
1195 361 1258 382 non
1275 355 1402 393 potest:
1427 351 1476 382 sic
1500 360 1560 382 nee
1583 351 1694 382 vinum

150 397 222 427 sine
238 405 328 438 aqua
345 395 666 427 transsubstantiari
681 395 781 427 valet.
806 394 908 427 Illam
927 397 1038 438 itaque
1050 406 1116 438 per
1133 395 1328 428 oblivionem
1340 397 1625 439 praetermittens,
1640 406 1694 428 ce-

150 440 290 474 nialiter
299 445 436 483 peccat,
449 451 514 484 per
531 441 766 483 neqliqentiam
785 441 991 479 mortaliter,
1009 446 1041 473 et
1056 446 1106 472 est
1117 443 1273 484 yraciter
1284 442 1483 484 puniendus.
1522 440 1693 475 Robertus

149 484 380 520 Benarminus
397 485 438 518 de
455 491 670 519 sacramento
687 484 868 518 eucharist.
884 485 943 520 lib.
963 485 1018 519 IV.
1036 495 1110 530 cap.
1126 485 1171 519 X.
1211 485 1387 519 Catholica
1405 487 1549 520 ecc-lesia
1566 499 1695 531 semper

151 532 299 564 credidit
311 533 362 563 ila
380 533 602 563 necessarium
621 542 689 563 esse
706 543 795 576 aqua
811 533 922 563 vinum
939 534 1074 564 misceri
1095 534 1128 564 in
1148 532 1273 571 calice,
1296 538 1331 564 ut
1346 534 1460 576 possit
1480 533 1519 565 id
1540 544 1603 564 non
1624 535 1695 565 sine

148 578 253 620 yravi
261 582 408 620 peccato
425 579 542 611 omitti.
568 575 664 610 Unde
683 587 819 621 quoque
835 581 950 621 patres
969 575 1112 610 Concilii
1127 576 1318 610 Tridentini
1334 588 1408 622 cap.
1426 577 1514 612 VIII.
1533 577 1615 611 Can.
1632 577 1693 613 IX.

150 631 270 655 omnes
287 622 347 666 qui
361 625 491 666 negant
507 632 634 666 aquam
656 621 870 655 miscendam
892 622 972 655 vino
989 622 1024 655 in
1041 622 1144 655 calice
1163 621 1352 664 offerendo,
1376 622 1604 657 anathematis
1622 624 1695 668 gla-

149 667 205 701 dio
221 667 391 711 iugulant.
429 666 551 701 Graeci
566 666 655 701 hunc
672 678 804 701 morem
820 667 987 700 miscendi
1002 679 1072 701 non
1089 668 1325 703 observarunt.
1365 668 1577 714 'Nicephorus
1596 668 1695 703 Calli·

150 716 224 746 stus
241 713 428 746 ecclesiast.
446 711 566 747 histor.
584 713 642 746 lib.
659 713 784 746 XVIII.
801 723 875 757 cap.
893 712 979 747 LIII.
1004 713 1223 747 Innocentius
1239 713 1303 748 PP.
1322 714 1380 748 III.
1404 720 1546 758 m5ster.
1568 716 1695 749 missae

148 757 208 792 lib.
224 757 282 792 IV.
298 769 371 803 cap.
389 758 540 792 XXXII.
556 758 615 792 fol.
631 757 708 792 390.
736 757 950 792 Guilhelmus
967 757 1141 792 Durantus
1158 760 1341 794 Minatens.
1359 760 1478 793 eccles.
1496 761 1646 806 episcop.
1659 761 1696 795 in

149 803 311 838 rationali
327 804 385 837 lib.
403 803 459 837 IV.
475 803 534 838 fol.
552 803 604 837 70.
643 803 762 837 Petrus
779 803 993 837 Lombardus
1011 809 1156 838 sentent.
1172 805 1230 838 lib.
1247 805 1303 840 IV.
1321 805 1470 839 distinct.
1487 806 1550 840 XI.
1581 806 1695 840 Bona-

148 853 295 883 ventura
310 853 458 883 sentent.
475 849 532 882 lib.
548 848 605 884 IV.
623 849 772 882 distinct.
789 849 851 883 XI.
868 860 999 883 numer.
1016 848 1070 883 36.
1106 849 1287 884 Durandus
1305 851 1345 884 de
1363 850 1398 885 S.
1413 851 1575 886 Portiano
1593 863 1695 897 super

150 895 339 929 sententias
354 894 447 929 Petri
460 894 646 929 Lombardi
660 895 718 928 lib.
735 894 792 929 IV.
810 894 958 929 distinct.
974 894 1053 928 XII.
1071 901 1202 940 quaest.
1219 896 1259 930 V.
1302 897 1441 930 Dic-itur
1463 899 1550 941 quod
1568 898 1697 932 Graeci

150 952 274 986 aquam
289 952 351 973 non
370 946 553 985 apponunt,
571 946 602 973 et
617 946 726 973 tamen
741 952 819 974 rere
836 941 1027 984 conficiunt,
1051 951 1163 985 neque
1181 942 1272 974 enim
1294 947 1345 975 est
1363 942 1403 976 de
1419 944 1624 977 necessitate
1640 954 1694 977 sa-

150 986 327 1020 cramenti.
351 984 503 1020 Thomas
519 986 675 1030 Aquinas
692 984 724 1020 3.
736 989 823 1031 part.
841 996 928 1019 sum.
946 990 1076 1030 quaest.
1090 985 1246 1020 LXXIV.
1265 988 1396 1022 articul.
1411 988 1483 1022 VII.
1502 988 1695 1023 Bernardus

148 1031 266 1066 Abbas
284 1030 471 1065 claraeval.
487 1031 531 1064 ad
548 1031 740 1065 Gnidonem
758 1031 855 1076 epist.
869 1031 995 1065 LXIX.
1014 1032 1177 1076 quoniam
1194 1043 1264 1066 non
1279 1033 1417 1077 legitur,
1435 1034 1525 1078 quod
1538 1034 1573 1068 in
1589 1035 1698 1069 natali

150 1077 266 1111 calicis
283 1075 439 1116 Christus
455 1077 573 1110 vinum
591 1087 681 1122 aqua
697 1077 846 1110 mixtum
864 1076 1040 1122 discipulis
1056 1077 1242 1111 tradiderit.
1271 1077 1476 1112 Paschasius
1494 1079 1534 1113 de
1551 1090 1694 1114 sacram.

150 1121 376 1157 eucharistiae
393 1132 466 1168 cap.
482 1122 544 1156 XI.
569 1121 732 1156 Rabanus
749 1123 891 1156 Maurus
908 1122 950 1156 de
967 1122 1146 1158 eucharist.
1164 1134 1238 1169 cap.
1255 1123 1317 1157 XI.
1342 1124 1459 1158 Potest
1475 1135 1556 1170 ergo
1574 1126 1609 1159 in
1622 1126 1695 1160 solo

148 1168 230 1202 vino
253 1167 317 1202 hoc
338 1172 592 1202 sacramentum
614 1169 677 1201 rite
702 1168 824 1202 confici
847 1174 986 1214 propter
1009 1169 1261 1203 institutionem
1287 1168 1430 1210 Christi,
1460 1172 1519 1215 qui
1542 1172 1696 1205 omnium

148 1213 308 1259 princeps
325 1213 361 1247 in
375 1214 456 1247 vino
472 1213 552 1247 vitis
570 1212 632 1247 hoc
650 1220 904 1248 sacramentum
921 1215 1114 1248 celebravit.
1138 1214 1382 1249 Bonaventura
1396 1216 1455 1250 lib.
1474 1216 1529 1250 IV.
1548 1221 1694 1252 sentent.

150 1259 300 1293 distinct.
316 1258 377 1293 XI.
394 1270 527 1294 numer.
544 1258 598 1293 58.
616 1260 775 1293 Albertus
792 1260 942 1304 Magnus
959 1259 1221 1294 Ratisbonensis
1238 1261 1356 1297 eccles.
1381 1262 1528 1307 episcop.
1553 1262 1592 1295 de
1610 1273 1695 1296 sacr.

150 1303 376 1339 eucharistiae
394 1304 542 1338 distinct.
559 1304 616 1340 III.
640 1310 738 1339 tract.
756 1305 786 1340 2.
812 1316 838 1338 c.
860 1306 888 1339 l.
914 1304 1065 1339 Thomas
1085 1307 1238 1350 Aquinas
1255 1306 1286 1341 3.
1311 1311 1406 1352 parte
1427 1318 1551 1341 summ.
1565 1313 1695 1353 quaest.

148 1348 307 1385 LXXIV.
327 1351 459 1385 articul.
475 1350 532 1384 VI.
557 1350 739 1384 Durandus
756 1355 900 1385 sentent.
918 1351 976 1384 lib.
989 1351 1044 1385 IV.
1063 1351 1211 1386 distinct.
1225 1351 1304 1386 XII.
1322 1358 1454 1398 quaest.
1468 1353 1508 1388 V.
1526 1352 1696 1388 Iohannes

152 1395 285 1431 Gerson
301 1395 342 1429 de
359 1406 503 1430 sacram.
520 1395 747 1430 eucharistiae
764 1402 849 1442 part.
868 1396 898 1429 2.
915 1397 972 1430 fol.
992 1396 1043 1430 26.

218 1440 299 1487 Cap.
315 1440 473 1475 LXXVI.
490 1462 532 1467 —
551 1440 637 1476 Caro
654 1448 773 1475 nostra
790 1453 859 1476 non
876 1447 928 1476 est
944 1443 1046 1483 mala,
1064 1447 1102 1476 ut
1118 1443 1238 1478 volunt
1256 1443 1451 1486 Sethianus,
1470 1444 1645 1490 Ophianus
1663 1450 1697 1479 et

148 1485 377 1530 Patriciauus]
402 1487 493 1521 Male
515 1486 569 1521 hic
594 1487 773 1521 confundit
791 1487 988 1522 Gennadius
1006 1488 1204 1531 Seffiianos,
1230 1489 1404 1535 Ophianos
1423 1496 1456 1524 et
1471 1490 1695 1533 Patricianos,

173 1533 232 1566 uia
247 1533 486 1577 unusquisque
503 1543 547 1566 ex
564 1532 631 1566 illis
649 1543 713 1567 sua
728 1534 866 1579 propria
882 1532 986 1568 habet
1003 1534 1175 1580 dogmata,
1194 1541 1227 1569 et
1244 1547 1373 1570 errores
1392 1536 1594 1581 singulares.
1635 1536 1695 1571 Se-

149 1581 165 1612 t
188 1578 260 1612 iani
274 1577 383 1612 filium
400 1578 524 1612 Adami
541 1579 600 1623 qui
614 1584 755 1612 vocatur
772 1578 854 1613 Seth
870 1578 1053 1622 honorant,
1080 1587 1113 1614 et
1128 1581 1242 1626 ipsum
1259 1580 1433 1615 Christum
1456 1593 1531 1616 esse
1555 1583 1696 1628 opinan-

151 1627 219 1658 tur.
245 1621 393 1669 Ophiani
409 1625 589 1658 colubrum
606 1625 761 1658 nutriunt
774 1630 808 1658 et
819 1631 1032 1667 venerantur,
1051 1626 1141 1671 quod
1155 1626 1207 1660 hic
1221 1627 1313 1672 prior
1326 1628 1460 1661 initium
1475 1629 1574 1662 nobis
1588 1629 1696 1662 scien-

148 1669 219 1704 tiae
235 1669 318 1703 boni
335 1675 369 1703 et
385 1670 467 1703 mali
482 1670 644 1703 attulerit.
669 1670 853 1704 Patriciani
870 1678 902 1705 et
920 1671 1123 1705 Venustiani
1139 1683 1159 1705 a
1176 1673 1302 1706 lumbis
1322 1684 1428 1718 usque
1446 1673 1488 1707 ad
1505 1673 1607 1718 pedes
1625 1674 1696 1708 dia-

150 1715 269 1749 bolum
286 1714 410 1749 fecisse
427 1726 549 1761 corpus
566 1714 714 1750 hominis
731 1716 858 1750 dicunt.
893 1715 1018 1762 Papias
1034 1718 1067 1751 in
1087 1717 1180 1751 Seth.
1197 1717 1398 1752 Philastrius
1416 1717 1546 1753 haeres.
1569 1720 1595 1754 1.
1615 1725 1648 1753 et
1664 1719 1695 1754 3.

150 1759 323 1795 Honorius
340 1759 473 1795 haeres.
490 1760 624 1795 XXXI.
658 1761 868 1806 Epiphanius
891 1761 1020 1796 haeres.
1038 1762 1080 1797 37
1099 1768 1132 1797 et
1148 1763 1201 1797 33.
1227 1763 1428 1798 Theodoret.
1445 1765 1551 1799 fabul.
1568 1764 1696 1799 haeret.

151 1805 211 1841 lib.
228 1805 253 1840 1.
291 1805 442 1840 Isidorus
457 1806 588 1852 Hispal.
615 1807 699 1852 orig.
718 1807 774 1841 lib.
792 1807 878 1841 VIII.
896 1818 970 1853 cap.
988 1808 1029 1844 V.
1070 1808 1306 1844 Damascenus
1331 1810 1371 1844 de
1395 1809 1525 1844 haeres.
1542 1810 1601 1845 fol.
1619 1810 1694 1845 578.

151 1851 383 1886 Tertullianus
399 1853 657 1898 praescription.
683 1852 845 1887 adversus
868 1851 996 1889 haeret.
1015 1865 1043 1888 c.
1060 1854 1197 1890 XLVII.
1221 1857 1437 1901 Augustinus
1455 1856 1585 1890 haeres.
1602 1856 1693 1892 LXI.

151 1896 317 1932 adversus
334 1896 454 1931 Iulian.
470 1897 644 1943 Pelagian.
661 1898 720 1932 lib.
736 1898 777 1933 V.
796 1909 870 1944 cap.
887 1898 926 1932 V.

219 1942 412 1988 Florianus]
438 1943 578 1988 Papias:
597 1943 758 1977 Floriani
773 1944 939 1978 haeretiei
955 1958 976 1978 α
994 1945 1158 1979 Floriano
1175 1949 1315 1992 quodam
1331 1949 1424 1989 dicti,
1442 1951 1498 1992 qui
1510 1949 1694 1983 docentdo-

150 1990 272 2022 minum
289 2000 424 2022 creasse
439 1990 543 2032 mala,
561 1996 679 2023 contra
695 1991 734 2023 icl
748 1991 835 2034 quod
848 1993 1008 2035 scriptum
1026 1997 1082 2032 est,
1100 1992 1200 2025 Fecit
1215 1994 1365 2026 domiuus
1381 1997 1491 2027 omnia
1510 1995 1605 2028 bona.

218 2034 369 2068 Arbitrio
386 2035 520 2068 animae
538 2034 684 2068 efficitur
699 2035 735 2068 in
752 2035 852 2070 nobis
870 2036 924 2069 vel
940 2037 1029 2070 bona
1046 2037 1099 2071 vel
1117 2038 1223 2082 mala]
1245 2038 1388 2074 Vidend.
1406 2040 1607 2074 Ambrosius
1624 2040 1695 2074 Me-

152 2078 362 2114 diolanensis
378 2080 528 2125 episcop.
546 2079 635 2114 lib.I.
652 2080 855 2115 Hexaeiner.
871 2092 943 2126 cap.
953 2081 993 2116 V.
1011 2081 1286 2130 Theophylactus
1303 2085 1338 2118 in
1351 2084 1570 2119 Matthaeum
1585 2096 1612 2120 c.
1624 2085 1694 2121 VII.

150 2125 211 2160 fol.
228 2124 282 2159 29.
305 2124 325 2168 ἡ
343 2125 434 2170 φύσις
450 2123 554 2170 ἡμῶν,
573 2123 678 2170 ἀγαθή
696 2124 797 2166 ἐστιν,
823 2124 866 2165 ὡς
885 2127 956 2160 Θεοῦ
975 2128 1220 2173 δημιούργημα,
1246 2129 1328 2163 κατὰ
1345 2129 1379 2164 δὲ
1396 2130 1578 2177 προαίρεσιν
1597 2143 1695 2174 πονη-

153 2170 320 2215 ρευόμεθα.
346 2171 561 2215 Augustinus
578 2171 614 2204 in
630 2170 746 2206 Iohan.
763 2176 860 2206 tract.
876 2172 980 2207 XLII.
999 2184 1072 2219 cap.
1091 2174 1177 2210 VIII.
1202 2175 1260 2209 fol.
1279 2175 1354 2209 214.
1398 2176 1494 2210 Bona
1520 2184 1569 2210 est
1591 2181 1695 2211 omnis

152 2222 290 2256 natura,
306 2217 366 2249 sed
380 2219 504 2250 vitiata
521 2224 569 2250 est
584 2216 724 2250 hominis
741 2224 863 2251 natura
875 2231 942 2263 per
957 2221 1154 2253 voluntatem
1173 2222 1307 2256 malam.
1335 2222 1433 2261 Quod
1438 2225 1530 2267 fecit
1541 2224 1620 2256 deus
1633 2235 1695 2257 non

146 2267 261 2307 potest
274 2272 343 2294 esse
359 2263 491 2302 malum,
508 2264 540 2294 si
554 2264 626 2307 ipse
642 2262 735 2296 homo
753 2276 813 2296 non
830 2268 875 2296 sit
889 2265 955 2297 sibi
971 2266 1087 2300 malas.

221 2305 303 2352 Cap.
321 2305 493 2340 LXXVII.
510 2327 555 2332 —
585 2306 623 2341 In
645 2310 891 2343 resurrectione
914 2320 958 2343 ex
983 2311 1126 2345 mortuis
1150 2323 1256 2346 sexus
1277 2312 1389 2346 forma
1406 2324 1474 2347 non
1491 2314 1694 2358 mutabitur]

154 2350 281 2386 Contra
298 2350 482 2397 origenem
499 2352 558 2397 qni
575 2355 696 2387 asserit
711 2354 746 2388 iu
762 2354 877 2388 futuro
894 2356 1010 2390 seculo
1034 2357 1180 2391 feminas
1202 2358 1407 2403 redigendas
1432 2359 1466 2392 in
1491 2360 1592 2392 viros.
1618 2360 1694 2394 Hie-

151 2408 286 2442 ronym.
303 2397 467 2431 adversus
484 2408 613 2432 errores
632 2398 791 2433 iohannis
809 2400 1034 2445 Hierosolyiu.
1051 2403 1148 2448 epist.
1165 2403 1254 2438 LXI.
1271 2414 1345 2449 cap.
1364 2404 1418 2438 III.
1456 2404 1608 2439 Iulianus
1625 2406 1693 2450 epi-

153 2453 247 2488 scop.
264 2442 450 2477 'toletanus
466 2445 675 2489 prognostic.
694 2445 750 2479 lib.
768 2445 823 2479 111.
841 2456 913 2491 cap.
930 2447 1058 2481 XXIV.
1098 2448 1254 2493 Plerique
1277 2449 1338 2482 hoc
1362 2452 1449 2494 quod
1465 2452 1549 2483 divit
1564 2458 1693 2494 aposto-

153 2489 223 2522 lue:
247 2489 350 2522 donec
371 2501 589 2522 occurramus
611 2493 642 2523 ei
662 2493 696 2522 in
722 2494 826 2524 virum
843 2495 1042 2535 perfeetum,
1068 2500 1128 2526 etc.
1151 2506 1259 2527 omnes
1273 2498 1426 2538 feminas
1448 2498 1483 2528 in
1506 2498 1600 2529 virili
1615 2509 1693 2529 seru

152 2545 329 2578 reeuryere
346 2535 500 2575 creduut,
521 2547 586 2579 pro
603 2547 638 2569 eo
655 2538 741 2580 quod
755 2539 809 2569 vir
825 2549 864 2570 ex
883 2538 975 2578 limo,
1000 2539 1120 2571 mulier
1140 2551 1218 2572 rero
1243 2552 1282 2572 ez
1306 2541 1412 2574 latere
1434 2544 1502 2574 viri
1515 2544 1621 2585 sacta
1639 2546 1691 2575 sit.

152 2579 227 2614 Nos
242 2585 350 2613 autem
368 2582 603 2623 maqistrorum
621 2582 860 2615 catholicorum
877 2586 1048 2616 sententiis
1065 2586 1206 2624 eruditi,
1232 2584 1292 2618 hoc
1317 2587 1501 2626 credimus,
1526 2586 1587 2620 hoc
1606 2594 1691 2620 teue-

153 2636 241 2666 mus,
266 2626 353 2670 quod
372 2627 574 2669 omnipotens
597 2627 690 2666 deus,
716 2630 771 2670 qui
793 2633 965 2671 utrumque
986 2640 1096 2661 serum
1121 2631 1286 2669 condidit,
1309 2633 1455 2663 instituit
1478 2643 1520 2664 ac
1543 2633 1691 2673 redemit,

152 2677 325 2714 utrumque
339 2673 374 2703 in
390 2673 632 2704 resurreetione
647 2675 807 2705 restituet.
847 2671 1000 2706 Iustinus
1015 2674 1148 2717 Martyr
1171 2675 1205 2707 in
1223 2680 1353 2719 quaest.
1372 2681 1404 2709 et
1421 2687 1473 2709 res
1500 2678 1632 2711 ousion.
1650 2678 1692 2711 ad

154 2715 364 2750 orthodoxos
381 2720 511 2761 quaest.
529 2715 602 2749 LX.
627 2717 809 2760 Augustin.
826 2717 867 2750 de
884 2718 1010 2751 civitat.
1027 2719 1081 2752 dei
1099 2719 1154 2753 lib.
1173 2719 1284 2753 XXII.
1304 2731 1378 2766 cap.
1396 2721 1475 2755 XVI
1496 2748 1502 2754 .
1543 2722 1692 2756 Athana-

153 2762 225 2796 sius
240 2762 276 2796 iu
293 2762 481 2806 quaestion.
499 2761 541 2794 ad
559 2761 763 2796 Antiochum
782 2768 911 2808 quaest.
929 2763 1056 2797 XXIV.
1081 2763 1321 2799 Bonaventura
1339 2772 1482 2800 sentent.
1501 2767 1557 2800 lib.
1572 2767 1626 2801 IV.
1644 2768 1693 2803 di-

153 2808 269 2842 stinct.
286 2807 405 2842 XLIV.
425 2807 555 2841 articul.
573 2807 603 2840 2.
629 2806 786 2842 Clemens
804 2809 975 2842 constitut.
993 2811 1136 2853 apostol.
1154 2810 1211 2845 lib.
1230 2811 1269 2845 V.
1289 2822 1362 2856 cap.
1381 2811 1434 2846 Vl.
1468 2812 1617 2847 Isidorus
1637 2814 1692 2848 Hi-

153 2853 322 2898 spalensis
338 2852 379 2886 de
396 2852 517 2886 officiis
534 2853 720 2887 ecclesiast.
740 2853 795 2887 lib.
813 2853 853 2887 II.
871 2864 944 2899 cap.
961 2854 1090 2889 XXIII.
1131 2856 1238 2889 Autor
1255 2856 1295 2890 de
1312 2857 1377 2890 fide
1401 2857 1440 2891 ad
1458 2857 1594 2892 Petrum
1614 2858 1692 2893 Dia-

154 2909 280 2932 conum
296 2909 370 2944 cap.
389 2897 445 2932 111.
484 2898 679 2942 Hieronym.
702 2899 735 2932 in
754 2898 901 2944 epitaph.
920 2899 1044 2933 Paulae
1062 2902 1180 2934 matris
1198 2902 1238 2935 ad
1257 2901 1415 2936 Eustoch.
1433 2904 1530 2948 epist.
1548 2904 1690 2939 XXVII.

153 2943 212 2978 fol.
229 2943 283 2979 79.
308 2943 477 2978 Adversus
495 2943 709 2977 Iovinianum
728 2945 783 2978 lib.
801 2944 824 2978 1.
843 2955 916 2990 cap.
936 2945 1031 2979 XXI.
1050 2945 1107 2980 fol.
1131 2946 1202 2980 156.
1227 2947 1388 2982 Rabanus
1407 2949 1547 2983 Maurus
1565 2949 1604 2984 de
1622 2961 1691 2985 ser-

155 2999 247 3023 mon.
269 2990 429 3035 propriet.
453 2989 510 3023 lib.
527 2988 582 3022 IV.
607 2999 680 3034 cap.
697 2989 743 3024 X.
789 2989 939 3024 Thomas
962 2991 1117 3036 Aquinas
1146 2992 1182 3026 in
1212 2993 1375 3029 addition.
1401 3000 1487 3040 part.
1509 2994 1541 3029 3.
1566 3007 1690 3032 summ.

157 3040 288 3080 quaest.
305 3034 467 3070 LXXXI.
485 3034 616 3070 articul.
631 3034 664 3070 3.
