2052 3342
1116 229 1314 254 PHILASTRI

434 230 513 271 100

430 337 551 388 ptura
572 331 682 373 dicat
702 334 743 371 et
763 344 888 371 unam
909 330 1113 383 linguama
1134 335 1175 371 et
1204 330 1363 384 linguas
1373 332 1402 371 ¹‘.
1449 331 1492 373 Si
1520 345 1613 385 ergo
1641 335 1730 373 erat
1754 345 1839 374 una
1859 335 1969 384 ante,

431 402 526 454 quia
546 400 666 454 pauci
688 404 818 449 erant,
840 401 925 439 sive
949 404 1091 454 postea
1111 399 1281 451 multae,
1304 401 1399 453 quia
1418 399 1535 440 multi
1555 404 1769 442 creverant
1784 402 1868 442 iam
1883 401 1970 442 nati

430 469 616 509 homiues¹
639 469 681 508 in
704 467 855 518 seculo,
878 481 960 508 non
983 472 1046 507 est
1066 467 1167 508 adeo
1190 467 1334 508 inutile
1356 467 1432 509 hoc
1455 469 1512 508 ita
1533 470 1698 510 sentire.
1729 469 1829 510 Post
1849 469 1969 522 quin-

429 540 513 576 tam
537 536 739 577 decimam
758 537 867 576 enim
884 537 1191 588 generationem
1208 535 1258 576 ab
1271 535 1405 577 Adam
1422 550 1551 590 usque
1569 536 1621 578 ad
1639 537 1767 578 ¹Eber
1783 536 1970 578 MMDCC

429 606 526 645 anui
549 610 691 655 suntf,
714 604 789 645 sub
812 618 890 658 quo
914 604 1097 645 confusio
1120 606 1247 645 missa
1268 610 1329 644 est
1352 604 1603 658 linguarum,
1631 608 1799 660 propter
1820 618 1968 659 pecea-

428 676 516 713 tum
539 673 646 727 quod
668 674 851 713 fecerant
871 672 1137 713 aedificantes
1160 674 1304 713 turrim
1326 677 1367 712 et
1388 674 1618 725 civitatem,
1640 677 1681 713 et
1700 676 1746 714 ut
1766 671 1971 713 rebellan-

428 744 491 781 tes
520 756 543 781 a
572 741 646 782 (leo
676 741 751 782 hoe
783 742 892 795 passi
921 745 1027 782 sunt.
1077 740 1286 781 Habentes
1315 742 1426 781 euim
1447 740 1675 794 angelicam
1695 739 1908 794 gratiamd,
1928 739 1972 781 id

430 816 493 849 est
513 809 735 850 multarum
757 809 989 862 linguarum
1012 810 1242 861 scientiam,
1265 823 1349 850 non
1371 809 1652 862 agnoscebant
1673 808 1857 850 datorem
1878 812 1970 849 tan-

428 882 493 918 tae
516 879 742 933 sapientiae
766 877 998 929 (lominum,
1030 882 1252 931 contraque
1283 891 1377 918 eum
1401 881 1599 918 conantes
1620 876 1809 932 progredi
1830 876 1970 931 perdi-

432 946 601 988 (10111110ρ
633 947 825 1000 gratiam,
854 960 976 999 quam
1005 947 1093 986 sine
1121 944 1225 986 ι311110
1256 945 1394 986 labore
1425 945 1622 986 divinitus
1643 945 1853 987 habebant
1874 958 1972 986 con-

431 1029 603 1056 cessam.
650 1015 701 1056 Et
724 1014 832 1068 quod
854 1016 942 1055 sine
965 1014 1101 1055 studio
1123 1018 1217 1055 ante
1241 1014 1438 1055 donatum
1466 1015 1600 1054 suerat
1619 1028 1644 1055 a
1664 1013 1828 1055 domino
1850 1017 1972 1054 natu-

430 1083 572 1125 raliter
595 1083 801 1136 omuibus,
824 1087 869 1123 ut
891 1083 954 1123 (lei
976 1084 1143 1135 imagini
1157 1114 1168 1135 ,
1189 1082 1357 1137 ³postea
1378 1096 1452 1137 per
1472 1081 1656 1123 studium
1676 1086 1799 1136 atque
1821 1081 1972 1123 doctri-

431 1166 549 1204 nam,
580 1151 784 1193 oblivione
815 1153 1001 1192 immissa.
1031 1165 1055 1191 a
1085 1151 1271 1203 domino,
1298 1152 1367 1190 vix
1396 1150 1555 1191 discere
1577 1149 1872 1204 praevalebant
1891 1163 1975 1191 non

430 1234 588 1273 omnes,
609 1234 685 1261 1100
706 1219 872 1273 multas,
894 1219 967 1261 sed
988 1221 1056 1260 vix
1076 1233 1228 1274 paucas
1250 1219 1424 1273 linguas,
1445 1220 1503 1260 ita
1518 1223 1564 1260 ut
1579 1222 1662 1260 tres
1679 1219 1771 1274 quis
1787 1222 1858 1260 aut
1874 1231 1974 1274 qua-

523 1334 550 1368 1.
569 1333 680 1368 Heber
698 1333 705 1377 (
715 1333 795 1376 4)st

476 1426 555 1470 Cap.
567 1424 703 1458 (¹1x.-
728 1434 758 1457 a.
776 1423 1066 1468 unamlinguam]
1089 1422 1168 1457 Liu-

430 1481 647 1515 guamunam
664 1470 786 1503 Genes.
796 1469 857 1503 XI.
871 1469 897 1502 l.
916 1475 968 1509 „et
981 1471 1170 1502 εναίοηιηις

432 1524 524 1549 urta
543 1517 627 1548 labi:
644 1516 758 1555 uni-sus
797 1527 868 1560 „752
853 1513 926 1552 'Mo
946 1514 977 1547 ’ἐν
1001 1527 1053 1547 κα.
1078 1512 1168 1558 φωνὴ

431 1576 464 1607 μ’.
459 1563 487 1594 Ῑσι
512 1563 597 1594 7:15¹..
602 1562 618 1572 '⁷
667 1561 740 1603 (F)

454 1609 484 1641 b.
504 1613 535 1641 et
552 1608 624 1640 lin-r
602 1609 702 1651 guas]
723 1606 894 1647 Quoniam
912 1605 995 1640 Gen.
1005 1606 1050 1639 X.
1061 1605 1091 1639 5.
1109 1615 1167 1638 va-

429 1655 522 1687 riae«
516 1657 635 1694 'rentes
652 1656 900 1693 memorantur,
917 1652 1073 1703 singulae
1087 1650 1169 1683 κατὰ

431 1699 502 1743 sle)
482 1701 596 1751 Τιΰσοψ
613 1698 699 1731 etX.
710 1698 762 1731 20.
774 1702 807 1731 et
821 1697 874 1732 31.
895 1708 974 1738 „zat
978 1694 996 1729 ὲ(
1010 1695 1168 1773 J)o'›*50·a{

432 1744 491 1776 αὐτ
495 1746 549 1780 ¹33¹,ae
565 1736 618 1777 et
635 1744 692 1776 XI.
704 1743 734 1777 7.
757 1753 878 1787 „amsla
867 1742 949 1787 Jeme.
952 1755 967 1773 ν
984 1741 1042 1774 αὐτ
1045 1740 1153 1774 ῶιέκε

430 1801 485 1827 τας
501 1796 556 1834 γλ(
546 1801 664 1827 0’50'23.
669 1770 954 1831 „confundam'HS
967 1789 1100 1831 ll'llqllaS
1117 1799 1167 1820 80·

430 1848 519 1874 ¹rum,
543 1835 590 1867 ita
613 1834 705 1867 enim
725 1834 844 1875 legunt
866 1833 1000 1866 codices
1018 1832 1167 1877 quidam,

431 1887 466 1913 ut
492 1884 648 1913 notatum
684 1879 727 1912 ad
761 1878 938 1923 Originem
967 1878 1006 1912 V.
1031 1879 1067 1911 in
1095 1878 1168 1911 Cel-

431 1937 507 1959 511111
524 1936 604 1970 pag.
622 1925 697 1958 250.
728 1906 842 1957 0011οῦ
841 1934 929 1958 vers,
951 1924 1000 1957 11.
1021 1922 1089 1965 „‘61.
1106 1922 1169 1956 ἓκε

432 1971 560 2015 συιέγεε
578 1983 635 2014 κυρ
641 1982 683 2008 .ος
708 1968 808 2014 ὰ.γτ
812 1969 893 2011 ἕλη
885 1967 987 2011 ’πάσης
1005 1971 1058 2011 τῆς
1077 1971 1144 2013 (ἧς.

430 2016 599 2049 Nimirum
627 2016 675 2049 ita
692 2026 735 2048 ex
755 2009 878 2049 Genes.
895 2015 939 2048 X.
964 2014 1168 2048 Philastrius

431 2062 564 2095 censuit
583 2061 653 2094 iam
672 2064 750 2093 ante
771 2060 1045 2093 aedificationem
1061 2059 1170 2093 Babel

430 2107 548 2140 multis
582 2106 728 2140 saeculis
758 2116 924 2149 magnam
950 2105 1057 2139 fuisse
1081 2105 1170 2138 inter

430 2152 585 2185 homiues
608 2152 807 2195 linguarum
830 2151 1046 2184 varietatem:
1077 2151 1169 2195 quod

430 2209 509 2231 vero
527 2197 648 2230 deinde
668 2196 789 2230 Genes.
803 2195 864 2229 XI.
879 2196 1033 2229 dicantur
1050 2207 1168 2229 omnes

430 2243 532 2276 unius
564 2242 672 2275 fuisse
704 2242 802 2282 labii,
835 2252 874 2274 eo
907 2241 1169 2284 sensufdietum

430 2288 464 2321 id
493 2287 721 2328 existimavit,
752 2286 845 2331 quod
868 2287 932 2319 etsi
954 2287 1049 2320 varia
1073 2290 1169 2320 erant

430 2334 629 2377 linguarum
657 2343 802 2377 genera,
835 2343 954 2365 omnes
985 2335 1101 2365 tamen
1133 2343 1169 2365 se

430 2379 578 2412 invicem
600 2377 858 2422 intelligebant,
883 2380 915 2410 et
939 2377 987 2410 sic
1004 2388 1073 2410 una
1097 2380 1170 2410 erat

432 2424 590 2457 omnibus
618 2424 754 2467 lingua,
783 2433 853 2456 non
882 2422 1020 2466 quidem
1047 2434 1169 2456 eorun-

432 2470 510 2502 dem
547 2469 794 2502 voeabulorum
832 2478 913 2508 usu,
956 2467 1016 2500 sed
1051 2468 1171 2501 eadem

433 2515 586 2548 omnium
601 2513 817 2558 loquentium
834 2516 868 2545 et
888 2512 1100 2546 audientium
1120 2513 1170 2546 in-

431 2560 529 2603 tellio
532 2560 633 2592 entia.
674 2559 866 2599 „Rez'ieiunt
879 2558 1043 2601 qnzdem,'
1059 2559 1172 2602 inquit

433 2605 571 2638 Clariss.
586 2604 782 2638 Perizonius
805 2614 878 2656 cap.
899 2603 948 2636 14.
967 2602 1085 2648 Origg.
1105 2603 1170 2636 Ba-

432 2651 548 2694 bylon.
564 2660 645 2694 pag.
663 2648 738 2683 296.
766 2651 852 2689 „viri
867 2649 992 2681 eruditi
1005 2631 1092 2681 nane
1103 2655 1171 2682 tam

434 2697 593 2729 absonam
608 2697 931 2738 interpretationem,
949 2699 980 2726 et
1000 2694 1095 2726 illam
1120 2696 1170 2727 ‹li-

431 2744 623 2775 versz'tatem
638 2741 829 2783 linqzcarum
851 2745 927 2772 ante
950 2741 1170 2783 confusionem

433 2787 648 2826 Babelicam,
671 2786 731 2821 sed
753 2785 908 2818 deberent
929 2796 1006 2828 erqo
1028 2787 1171 2817 ›rez'z'eere

434 2835 536 2865 etiam
551 2832 646 2864 illam
661 2832 874 2863 secessionem
890 2832 925 2862 in
942 2832 1062 2862 varias
1086 2831 1171 2863 colo-

433 2880 511 2910 nias
520 2883 596 2910 ante
612 2877 849 2929 dispersionem
859 2874 1066 2915 Babelicam‚
1076 2887 1171 2918 quum

433 2925 601 2966 utriusque
621 2924 674 2954 rei
696 2922 811 2953 eadem
834 2932 977 2965 prorsus
998 2923 1043 2953 sit
1070 2923 1171 2961 ratio,

435 2975 468 3002 et
482 2975 622 3012 utraque
637 2968 800 3000 sententia
817 2978 856 2998 ex
873 2967 984 2999 eodem
1001 2968 1112 3010 capite
1125 2964 1170 3000 X.

433 3015 487 3047 vel
501 3015 617 3047 ordine
637 3014 785 3056 capitum
802 3010 846 3046 X.
865 3017 896 3044 et
910 3010 977 3044 XI.
1012 3012 1172 3044 007108005-

434 3052 727 3104 soetpetzta.Q12id
740 3058 866 3101 iqitzcr?
883 3057 1071 3090 clamssimo
1087 3055 1172 3090 haee

852 1332 883 1366 2.
903 1331 1051 1377 quodam
1068 1332 1185 1365 labore
1203 1331 1248 1366 A.

1308 1330 1339 1365 3.
1358 1335 1479 1376 postea
1494 1342 1574 1365 vero
1590 1342 1651 1376 per
1667 1331 1712 1366 A.

1237 1428 1313 1455 sunt
1326 1424 1452 1456 indicio
1460 1448 1470 1463 ‚
1492 1424 1642 1456 ordinem
1657 1423 1750 1455 illum
1766 1423 1977 1456 narrationis

1237 1468 1430 1508 Maean-ae,
1458 1480 1514 1501 seu
1536 1470 1674 1501 istorum
1699 1470 1863 1512 capitum,
1891 1467 1978 1501 m‘lzil

1237 1514 1379 1554 obstare,
1402 1526 1462 1558 quo
1485 1516 1591 1546 minus
1605 1519 1790 1547 statuamus
1814 1514 1977 1558 confiden-

1239 1565 1303 1599 ter,
1335 1562 1446 1593 omnia
1477 1562 1574 1592 istius
1597 1560 1772 1593 divisionis
1793 1570 1850 1592 seu
1871 1570 1976 1592 seces-

1237 1607 1340 1637 sionis
1371 1607 1482 1649 eapite
1515 1604 1559 1639 X.
1594 1610 1797 1638 memoratae
1832 1606 1976 1638 evenisse

1239 1652 1363 1684 demum
1382 1656 1461 1694 post
1479 1651 1575 1683 illam
1593 1652 1717 1695 eapitis
1737 1651 1905 1683 undecimi
1926 1651 1976 1683 di-

1236 1698 1438 1740 spersionem
1466 1702 1497 1729 et
1518 1696 1604 1729 labii
1625 1698 1862 1740 confit-sionem,
1889 1696 1976 1729 unde

1238 1743 1363 1774 demum
1397 1742 1588 1785 linyuarum
1622 1743 1775 1774 varietas
1802 1741 1977 1785 coeperit.'’

1236 1787 1346 1830 [Hanc
1368 1785 1526 1820 Philastri
1549 1786 1756 1820 sententiam
1776 1785 1976 1820 haeresibus

1241 1832 1422 1877 adscripsit
1437 1830 1633 1877 Alphonsus
1651 1831 1693 1865 de
1710 1831 1842 1866 Castro.
1881 1831 1977 1866 Adde

1236 1878 1431 1912 Marianum
1458 1877 1724 1921 Valgrarneram
1752 1877 1891 1922 Antiqu.
1913 1876 1977 1910 Pa-

1237 1934 1346 1957 norm.
1364 1934 1395 1968 p.
1414 1923 1466 1956 71.
1483 1926 1566 1957 tom.
1586 1921 1636 1957 13.
1654 1921 1822 1957 Thesauri
1835 1923 1976 1968 Antiqu.

1238 1968 1402 2011 Siciliae]
1449 1968 1523 2011 (F.)

1282 2025 1310 2047 0.
1334 2013 1496 2048 MMDCC
1508 2013 1591 2047 anni
1603 2015 1698 2056 sunt]
1728 2013 1817 2048 2700
1835 2013 1918 2047 anni
1933 2013 1977 2047 ab

1236 2059 1368 2093 Adamo
1385 2059 1429 2093 ad
1439 2059 1621 2100 Heberum,
1638 2062 1720 2092 sunt
1731 2058 1909 2093 dimidium
1921 2070 1977 2093 ae-

1237 2105 1316 2138 tatis
1342 2115 1362 2138 a
1385 2104 1521 2138 condito
1546 2104 1626 2138 orbe
1649 2104 1693 2138 ad
1720 2108 1841 2139 natum
1867 2115 1978 2149 usque

1237 2161 1326 2184 anno
1344 2150 1442 2184 5400.
1453 2149 1626 2183 Christum
1639 2153 1860 2184 servatorem.
1883 2149 1977 2183 Infra

1238 2206 1311 2240 cap.
1331 2195 1404 2229 111.
1422 2199 1456 2229 et
1474 2194 1546 2229 105.
1581 2194 1649 2228 Alii
1671 2195 1732 2239 qui
1745 2199 1867 2229 natum
1883 2194 1977 2229 Chri-

1238 2246 1329 2274 stum
1365 2252 1439 2275 esse
1480 2240 1721 2274 existimarunt
1753 2252 1844 2274 anno
1884 2241 1976 2274 orbis

1238 2286 1365 2320 conditi
1385 2286 1482 2320 6000.
1521 2285 1712 2330 Phalegum
1742 2285 1853 2319 filium
1874 2286 1977 2320 Eberi

1237 2332 1291 2365 vel
1314 2331 1461 2365 Eberum
1483 2312 1650 2364 10111101·οῸ
1659 2330 1702 2364 ad
1725 2341 1756 2366 a.
1780 2331 1880 2365 3000.
1919 2331 1976 2365 Sic

1237 2376 1427 2421 Hesychius
1443 2376 1554 2421 presb.
1571 2376 1766 2420 fragmento
1789 2375 1830 2415 εἰς
1846 2375 1902 2419 τὴν
1919 2379 1976 2409 τοῦ

1238 2423 1296 2466 Χρ.
1289 2425 1376 2454 στοῦ
1395 2421 1548 2466 γέννηση
1522 2433 1537 2453 ν
1566 2403 1745 2473 [Iosephus
1763 2422 1839 2456 (1.1.
1861 2422 1894 2456 H

1238 2468 1425 2510 mnestici.]
1470 2467 1615 2500 Proco1
1602 2477 1658 2518 ius
1677 2466 1832 2501 Gazaeus
1850 2467 1894 2501 ad
1943 2478 1976 2501 0-

1238 2524 1310 2548 1105.
1323 2512 1384 2547 XI.
1399 2512 1449 2547 18.
1466 2512 1621 2545 Eustat'
1625 2523 1709 2558 usp.
1723 2512 1778 2547 54.
1794 2512 1976 2548 inflexae-

1238 2569 1358 2592 meron
1376 2561 1439 2591 ete.
1487 2557 1560 2598 (F.)

1284 2603 1314 2636 d.
1339 2603 1530 2647 angelicam
1545 2602 1722 2655 gratiam]
1750 2602 1832 2637 Sine
1853 2603 1977 2645 studio,
2034 2598 2036 2603 ’

1238 2649 1439 2682 naturaliter
1453 2659 1513 2692 per
1527 2648 1690 2682 virtutem
1712 2649 1783 2682 ima
1811 2649 1874 2682 'nis
1892 2649 1977 2682 divi·

1238 2705 1303 2727 nae
1325 2692 1391 2727 hoe
1414 2696 1492 2726 ante
1519 2693 1757 2727 confusionem
1811 2694 1977 2728 abelieam

1239 2739 1358 2772 datum
1369 2738 1565 2772 hominibus
1575 2738 1738 2773 divinitus
1747 2734 1888 2772 eredidit
1898 2738 1977 2773 Phi-

1237 2785 1391 2826 lastrius,
1422 2787 1461 2817 ut
1488 2783 1618 2828 linguis
1643 2784 1905 2836 quibuscunque
1926 2784 1977 2818 lo-

1239 2833 1382 2874 quentes
1409 2832 1552 2874 possent
1571 2829 1779 2874 intelligere,
1803 2830 1891 2864 sieut
1917 2840 1976 2863 an-

1239 2875 1319 2920 geli.
1342 2874 1451 2908 Infra:
1477 2874 1685 2918 „Anyelieae
1700 2877 1836 2907 virtutis
1852 2880 1901 2908 est
1914 2875 1976 2908 lin-

1237 2933 1324 2965 quas
1335 2923 1423 2953 seire
1438 2921 1578 2953 omnium
1596 2919 1790 2953 hominum?
1836 2920 1911 2962 (F.)

1285 2976 1313 2999 e.
1338 2964 1569 3016 perdiderant]
1592 2964 1655 2998 Est
1675 2965 1734 3009 qui
1748 2965 1848 2998 malit
1857 2966 1975 3010 perdi-

1242 3012 1369 3045 derunt.
1409 3009 1475 3044 Sed
1502 3010 1552 3043 ita
1573 3020 1692 3054 supra:
1717 3011 1805 3056 quod
1821 3013 1978 3054 fecerant
2000 3009 2004 3013 ’

1241 3057 1459 3101 aedificantes
1475 3058 1538 3091 etc.
1587 3055 1661 3097 (F.)
