2052 3342
331 226 383 266 78
1000 223 1110 248 PHILA
1117 223 1197 247 STRI

329 335 422 370 vato
445 328 663 382 quodamb,
688 329 753 381 qni
779 328 886 366 sicut
906 325 1083 366 ecclesia
1104 325 1307 366 catholica
1327 325 1552 366 credebant
1573 330 1731 379 antea⁰‚
1750 329 1870 366 vetus

329 401 623 437 testamentum
652 400 693 435 et
720 408 872 435 novum
901 396 1165 449 accipientes.
1212 394 1257 434 In
1287 396 1570 448 persecutione
1592 398 1749 447 autem⁷
1776 395 1873 448 quia.

331 465 432 520 lapsi
457 470 554 505 sunt
574 463 691 504 multi
716 463 859 503 lideles
882 468 922 503 et
952 465 992 503 in
1016 464 1314 517 poenitentiam
1345 464 1527 517 suscepti
1555 467 1652 503 sunt
1679 477 1703 503 a
1729 461 1870 503 catho-

330 534 407 574 lica
434 532 628 584 ecclesia,
657 533 770 583 irati,
799 533 879 572 imo
909 533 1044 585 potius
1074 532 1408 586 praesumptione
1445 530 1556 572 ducti
1591 545 1637 572 ac
1665 530 1872 585 superbia,

330 616 476 643 vanam
499 601 730 642 doctrinam
754 601 889 641 conati
912 605 1007 640 sunt
1031 601 1257 651 seminare,
1285 604 1526 654 separantes
1553 612 1596 640 se
1624 599 1675 640 ab
1698 598 1874 639 ecclesia

329 670 530 710 catholica
551 674 674 723 atque
697 684 720 708 a
743 668 893 709 Christi
918 667 1101 708 bonitate
1124 683 1169 708 ac
1192 668 1476 709 misericordia
1496 666 1782 720 dissonantes,
1809 670 1871 707 at-

328 752 403 792 que
428 738 627 790 dicentes,
649 751 730 778 non
754 750 844 777 esse
869 735 978 777 {idoli
1002 741 1094 791 post
1117 735 1395 790 baptismumd
1416 735 1552 778 locum
1573 735 1752 790 aliquem
1773 749 1871 791 poe-

327 808 544 854 nitentiae;
568 808 803 858 ignorantes
826 804 933 859 quod
957 818 1028 859 per
1050 804 1317 859 prophetam⁰
1339 804 1502 857 clamat,
1536 804 1636 846 Vico
1657 818 1744 859 eqo,
1773 804 1874 845 (licit

328 877 538 916 dominus:
571 874 701 915 ¹N0l0
722 881 891 914 mortem
907 874 1162 928 peccatoris,
1191 874 1264 913 sm]
1282 875 1414 927 massis
1435 880 1482 913 ‘ut
1501 879 1735 914 revertatur
1755 879 1793 914 et
1810 873 1872 912 vi-

325 952 406 984 vat.
454 945 496 985 δί
525 957 618 993 ergo
642 942 823 983 dixerint
855 942 904 982 de
933 941 1018 982 ²liis
1043 943 1111 995 qui
1136 941 1374 996 baptizandi
1397 945 1494 981 sunt
1516 940 1671 982 dixisse
1693 942 1871 996 seriptu-

327 1027 437 1064 ram,
478 1026 559 1052 non
595 1016 734 1052 tamen
768 1010 980 1063 fidelibus,
1017 1009 1187 1050 audiant
1217 1009 1466 1051 salvatorem
1495 1013 1589 1064 post
1622 1009 1874 1064 baptismum

326 1095 455 1134 aquae
485 1080 691 1121 dicentem
719 1078 768 1120 (le
801 1079 1005 1133 baptismo
1033 1077 1133 1130 alio,
1161 1079 1440 1132 poenitentiae
1469 1077 1629 1118 scilicet
1655 1077 1873 1133 passionis,

329 1152 404 1190 ita:
427 1151 441 1171 ³¹·
456 1149 672 1204 liaptae'sma
696 1147 837 1199 liabeo,
861 1149 1007 1200 inquit,
1026 1145 1265 1201 baptizaris,
1287 1154 1324 1186 et
1345 1147 1639 1202 qzumnfestz'no
1656 1148 1694 1187 si
1710 1146 1872 1200 “finire-

326 1226 438 1270 ται-ἕ,
471 1216 693 1258 ostendens
716 1217 856 1269 utiquo
879 1215 998 1255 nobis
1028 1215 1143 1269 ⁵post
1176 1214 1427 1269 baptismum
1457 1214 1604 1269 ⁰quem
1629 1228 1703 1269 per
1723 1227 1873 1269 aquam

326 1292 419 1326 ante
450 1285 621 1326 dederat
648 1284 760 1325 aliud
789 1285 913 1324 etiam
943 1284 1147 1337 passionis
1179 1283 1485 1338 poenitentiaeh
1521 1282 1701 1324 humano
1732 1283 1873 1336 generi

325 1355 376 1395 ab
401 1356 529 1409 ipsius
554 1353 737 1394 bonitate
761 1358 801 1392 et
823 1351 1045 1392 clementia
1066 1351 1301 1392 labentibus
1331 1350 1643 1393 concedendum
1670 1354 1792 1404 atque
1819 1350 1870 1391 ab

325 1423 468 1465 eodem
492 1422 656 1463 domino
680 1420 958 1461 tribuendum.
992 1419 1108 1469 Quod
1125 1419 1298 1474 apostoli
1316 1419 1595 1473 intelligentes
1613 1419 1662 1460 de
1678 1420 1871 1474 passione

325 1494 412 1532 eius
435 1491 710 1532 saluberrima
731 1495 823 1544 post
845 1488 958 1529 illam
979 1489 1156 1543 primam
1177 1489 1351 1541 gratiam
1382 1488 1560 1529 humano
1586 1489 1728 1541 generi
1748 1489 1873 1528 etiam

326 1561 401 1601 hoe
426 1574 520 1601 eum
543 1558 768 1600 contulisse
791 1557 1099 1612 praedicabant.
1132 1556 1188 1598 Γῐ
1209 1558 1395 1612 provisor
1417 1558 1528 1597 enim
1550 1560 1592 1597 et
1611 1557 1873 1611 omnipotens

326 1628 595 1684 peccantibus
626 1626 819 1668 concedit
847 1640 919 1681 per
947 1626 1247 1680 poenitentiam
1275 1629 1320 1666 ut
1349 1627 1419 1679 qui
1447 1624 1589 1680 lapsus
1617 1628 1682 1666 est
1701 1637 1873 1678 surgens

324 1714 369 1740 ac
393 1711 583 1753 pugnans
612 1694 780 1737 iterumi
811 1695 955 1748 ³inque
986 1708 1031 1734 ea
1064 1707 1334 1748 perseverans
1366 1698 1504 1749 speret
1530 1707 1573 1734 se
1599 1706 1721 1748 posse
1748 1707 1773 1734 a
1797 1692 1871 1734 do-

416 1840 442 1872 1.
469 1839 506 1872 Si
523 1838 599 1872 volo
617 1842 763 1871 mortem
780 1836 970 1881 peccatoris
989 1839 1156 1880 quantum
1172 1839 1210 1868 ut
1223 1835 1266 1868 A.
1315 1834 1346 1868 ⁶2.
1363 1833 1429 1868 hiis
1449 1833 1489 1867 B.
1536 1834 1567 1868 3.
1586 1834 1757 1879 baptismo
1773 1833 1871 1876 (Affi.

322 1886 354 1918 4.
379 1886 534 1918 liniretur
551 1898 578 1917 c.
597 1883 728 1917 sciretis
760 1882 888 1925 (.›l)11l1.
914 1882 1014 1914 sciret
1032 1882 1059 1914 is
1081 1882 1120 1914 B.
1141 1882 1373 1925 [seponendum
1384 1886 1466 1932 puto
1482 1879 1700 1924 Baptismum
1718 1880 1793 1924 (vel
1806 1879 1872 1912 Ba-

323 1931 464 1975 ptismo)
481 1929 590 1962 habeo
609 1928 784 1973 baptizari,
809 1932 841 1960 et
860 1937 962 1971 quam
979 1927 1104 1960 festino
1122 1927 1151 1960 si
1167 1926 1265 1960 fieret
1280 1926 1320 1960 is.
1389 1934 1421 1960 υ.
1445 1929 1524 1971 post
1540 1938 1599 1959 om.
1618 1925 1662 1959 Α.
1733 1926 1763 1958 6.
1780 1935 1848 1970 quo

322 1978 366 2010 Α.
436 1976 467 2009 7.
490 1976 594 2019 inque
610 1985 651 2008 ea.
668 1974 754 2007 Bac.
771 1977 872 2018 atque
890 1973 986 2012 (ΑΜ).

322 2107 512 2141 ximiniano
536 2105 694 2139 Herculio
717 2104 829 2149 coepit
852 2104 940 2137 circa
963 2104 1001 2137 Α.
1026 2103 1061 2137 C.

322 2153 397 2187 255.
430 2152 498 2185 Sed
514 2151 699 2184 Novatiani
711 2150 891 2183 ecelesiam
907 2150 975 2182 iam
993 2153 1062 2182 tur-

323 2200 446 2231 barunt
484 2202 563 2242 post
600 2196 873 2241 persecutionem
905 2199 1062 2228 octavam

322 2245 508 2277 Decianam
520 2243 610 2275 circa
625 2243 664 2275 A.
678 2241 753 2275 251.
778 2240 862 2273 Vide
879 2240 1062 2274 Tillemon-

321 2291 407 2323 tium
423 2290 461 2322 T.
478 2288 509 2321 9).
526 2288 669 2321 Memor.
687 2286 815 2319 Eccles.
863 2285 938 2327 (F.)

366 2336 397 2368 b.
423 2346 444 2368 a
460 2334 592 2367 Novato
609 2332 773 2377 quodam]
791 2331 866 2364 Duo
883 2330 1062 2364 haereseos

321 2381 420 2414 istius
438 2379 655 2423 antesignani
678 2377 852 2411 veteribus
868 2387 1060 2409 memoran-

321 2431 386 2467 tur,
403 2425 555 2458 Novatus
574 2429 606 2457 et
623 2423 846 2463 Novatianus,
866 2420 920 2454 hie
937 2422 1061 2454 Roma-

320 2483 396 2512 nae,
419 2471 477 2504 ille
494 2470 675 2503 Africanae
692 2468 856 2502 ecclesiae
872 2468 1062 2511 presbyter.

320 2517 405 2550 Vide
421 2516 510 2550 Guil.
520 2515 701 2559 Beveregii
712 2517 813 2547 notas
827 2512 868 2545 ad
883 2511 906 2545 C
911 2523 964 2546 an.
974 2512 1062 2546 vul.

319 2563 458 2596 Nieaen.
507 2560 582 2602 (F.)

367 2619 394 2642 c.
420 2608 509 2640 sicut
532 2606 677 2639 ecclesia
697 2604 865 2638 catholiea
880 2603 1063 2637 credebant

321 2655 436 2696 antea]
465 2651 593 2695 »Οὐδὲν
616 2650 687 2695 περὶ
709 2649 766 2692 τὴν
789 2649 893 2682 πίστιν
916 2660 1061 2681 καινοτο-

322 2698 452 2744 μῆσαι,”
471 2698 556 2730 nihil
572 2697 781 2740 circaficlem
798 2706 935 2727 nez-asse
950 2694 1061 2727 Nova-

321 2746 433 2778 tianos
456 2743 584 2777 fatetur
607 2742 740 2775 Atticus
766 2740 861 2785 Cpol.
884 2739 975 2784 apud
998 2739 1060 2773 So-

321 2795 449 2824 cratem
467 2789 538 2823 VII.
556 2787 608 2821 25.
652 2815 658 2821 .
676 2786 752 2827 367.
800 2785 875 2826 (F.)

371 2836 402 2869 d.
433 2846 504 2869 non
526 2844 602 2867 esse
651 2832 717 2865 deli
737 2835 816 2876 post
832 2831 1058 2875 baptismum]

320 2882 418 2914 Hune
435 2880 706 2914 Novatiauorum
719 2887 867 2910 errorem
885 2881 1061 2921 oppugnat

320 2927 486 2971 Eulogius
516 2924 607 2970 apud
636 2922 796 2956 Photium
821 2921 902 2955 God.
929 2921 1001 2955 182.
1027 2926 1060 2954 et

322 2972 397 3006 1203,
425 2972 452 3004 E
468 2969 715 3004 recentioribus
732 2968 865 3001 iuvabit
881 2968 1058 3000 consulere

321 3021 454 3060 praeter
469 3015 736 3055 Tillemontium‚
752 3013 1060 3057 Beveregiumque,

324 3061 656 3107 Gabr.Albaspinaei
669 3059 924 3094 observationes
943 3070 976 3104 p.
988 3057 1060 3092 1θὸ.

1132 2115 1202 2148 seq.
1213 2101 1677 2137 10.F0rbesiih1structiones
1686 2101 1871 2135 Historico-

1131 2149 1250 2183 Theol.
1268 2160 1300 2194 p.
1320 2148 1395 2183 666.
1413 2147 1488 2181 710.
1506 2158 1576 2192 seq.
1594 2150 1657 2181 etc.
1705 2146 1782 2188 (F.)

1177 2206 1205 2228 e.
1230 2205 1290 2272 pgr
1312 2193 1528 2239 prophetam]
1562 2191 1683 2226 Ezech.
1704 2191 1870 2226 XXXIII.

1176 2297 1199 2330 f.
1223 2296 1404 2341 Baptisma
1417 2294 1539 2336 habeo,
1555 2295 1676 2340 inquit,
1689 2295 1868 2340 baptizari]

1132 2342 1213 2376 Luc.
1229 2342 1306 2376 XII.
1327 2341 1381 2376 50.
1419 2341 1509 2374 Nota
1530 2339 1670 2385 phrasin
1694 2338 1762 2385 ἔχω
1787 2340 1870 2385 βαπ-

1130 2388 1273 2430 τισθῆναι
1305 2398 1365 2433 pro
1389 2385 1502 2432 μέλλω
1525 2385 1751 2430 βαπτισθῆναι,
1772 2386 1869 2419 euius

1129 2434 1239 2467 multa
1265 2444 1365 2466 exem
1390 2433 1424 2465 la
1454 2432 1630 2476 congessit
1655 2431 1703 2464 Io.
1730 2430 1868 2464 Boisius

1130 2479 1220 2512 notis
1238 2479 1280 2512 ad
1296 2478 1343 2511 Io.
1380 2477 1635 2522 hrysostomum
1644 2476 1868 2510 SaviliiTom.

1130 2525 1218 2559 vm.
1234 2536 1267 2569 p.
1284 2524 1338 2557 41.
1356 2534 1427 2568 seq.
1474 2522 1550 2564 (F.)

1177 2592 1210 2625 g.
1235 2581 1265 2614 si
1280 2580 1448 2622 finiretur]
1470 2578 1712 2624 Italegendum
1721 2589 1783 2624 pro
1796 2589 1869 2612 ver-

1130 2627 1182 2659 bis
1200 2627 1315 2668 nihili,
1338 2635 1426 2670 quae
1442 2624 1627 2658 exstabant
1639 2625 1676 2658 in
1696 2624 1868 2670 prioribus

1132 2672 1348 2713 editionibus,
1365 2673 1396 2703 si
1410 2672 1552 2703 sciretis.
1590 2669 1631 2703 In
1649 2669 1780 2703 Graeco
1798 2673 1866 2703 est:

1133 2719 1222 2759 »πῶς
1240 2717 1417 2762 συνέχομαι
1433 2714 1492 2753 ἕως
1509 2710 1548 2747 οῧ
1564 2715 1729 2760 τελεσθῇ.”
1776 2715 1852 2758 (F.)

1151 2773 1183 2807 h.
1208 2773 1301 2807 aliud
1317 2773 1421 2807 etiam
1435 2771 1607 2817 passionis
1618 2771 1865 2816 poenitentiae]

1129 2819 1179 2852 De
1202 2818 1267 2853 hoe
1284 2818 1515 2864 poenitentiae
1533 2817 1739 2861 baptismate
1757 2817 1868 2850 multa

1128 2864 1175 2898 10.
1192 2865 1347 2898 Morinus
1368 2864 1404 2897 in
1429 2873 1529 2908 opere
1550 2862 1724 2896 elaborato
1746 2862 1787 2895 de
1804 2861 1866 2895 Sa-

1129 2915 1302 2943 eramento
1325 2907 1557 2943 Poem'tentiae
1577 2906 1634 2941 m.
1650 2907 1682 2941 4.
1706 2910 1740 2941 et
1754 2906 1816 2941 IX.
1833 2907 1864 2941 2.

1128 2959 1162 2988 et
1180 2955 1230 2989 13.
1246 2956 1292 2990 X.
1309 2956 1340 2988 6.
1386 2954 1462 2996 (F.)

1173 3012 1194 3045 i.
1212 3013 1270 3056 qui
1285 3013 1403 3056 lapsus
1417 3015 1479 3052 est,
1494 3017 1640 3054 surgens
1653 3019 1692 3043 ae
1704 3019 1864 3055 pugnans

1129 3058 1266 3100 iterum]
1297 3058 1335 3091 In
1351 3067 1449 3091 sacra
1463 3056 1523 3091 illa
1538 3056 1580 3090 ad
1593 3066 1697 3101 quam
1707 3066 1768 3100 per
1782 3056 1863 3100 bap-
