2052 3342
145 389 212 422 Cap.
231 389 326 415 xle.

210 2381 274 2414 Cap.
294 2380 341 2406 LI.

353 139 433 181 252
968 135 1268 163 PssAenns‘rmA'n

353 242 545 297 gaudium
576 241 702 282 faciat
732 254 837 282 unus
874 241 1092 296 paenitens
1123 253 1247 294 quam
1276 242 1501 294 nonaginta
1530 253 1677 283 novem
1707 240 1778 295 qui
1807 253 1892 281 non

353 314 640 367 peccaverunt.

440 378 782 429 Quadragesimus
811 382 852 418 et
880 391 1012 418 nonus
1041 375 1350 418 haeresiarches
1379 376 1522 417 lArius
1551 379 1662 418 ortus
1691 379 1767 417 est.
1814 374 1893 417 Hie

355 447 526 504 populos
544 446 741 488 2Ανίειηοε
759 447 952 498 instituit,
975 446 1042 500 qui
1061 449 1221 500 patrem
1239 449 1279 485 et
1296 444 1425 485 filium
1443 449 1482 486 et
1499 446 1687 500 spiritum
1703 446 1894 486 sanctum

356 516 500 558 nolunt
521 528 611 556 esse
634 516 754 555 unius
776 514 1043 568 eiusdemque
1066 514 1342 566 substantiae,
1371 513 1442 554 sed
1472 527 1560 554 esse
1582 512 1712 554 silium
1732 514 1893 553 creatu—

356 598 456 636 ram,
478 585 667 638 spiritum
689 597 784 624 vero
807 588 997 623 sanctum
1019 587 1248 623 creaturam
1271 585 1503 634 creaturae,
1531 580 1606 623 hoe
1635 585 1698 622 est
1726 581 1776 622 ab
1806 581 1894 632 ipso

358 653 438 694 silio
462 657 644 694 creatum
665 651 821 693 volunt.
852 650 923 691 ³111
945 665 991 691 eo
1014 656 1152 691 autern
1175 649 1283 704 quod
1307 650 1516 691 Christum
1536 651 1623 691 sine
1645 650 1783 690 anima
1803 662 1894 691 car-

356 735 451 762 nem
468 722 700 776 suscepisse
718 719 954 771 arbitratur,
969 719 1225 774 Epiphanius
1244 718 1436 773 prodidit.
1467 717 1517 758 Et
1528 716 1618 759 ideo
1631 721 1790 773 patrem
1805 730 1894 758 ma·

357 791 483 831 iorem
506 789 577 829 lilii
600 790 658 829 sic
682 788 795 839 dicit,
818 789 934 842 quasi
957 792 1196 839 creatorem,
1219 791 1260 827 et
1278 786 1407 827 tilium
1423 787 1618 827 maiorem
1635 786 1782 841 spiritu
1799 798 1894 826 san-

358 863 436 910 cto,
459 859 575 911 quasi
598 862 824 898 creatorem
846 857 945 896 eius.
978 856 1163 907 Nostros,
1186 855 1226 896 id
1249 859 1311 895 est.
1333 854 1571 906 catholicos,
1592 852 1644 894 ad
1660 867 1703 894 se
1725 854 1896 895 venien-

358 931 419 967 tes
443 926 721 980 rehaptizant3
751 931 887 965 utrum
910 924 984 964 hoc
1015 925 1140 964 etiam
1161 924 1274 976 aliis,
1302 922 1344 963 id
1373 927 1436 963 est
1463 935 1545 963 non
1574 921 1808 974 catholicis,
1834 921 1896 962 sa-

358 997 482 1047 ciant,
504 1008 706 1047 nusquam
729 993 887 1045 legitur.
920 993 1081 1033 Primus
1104 996 1247 1033 contra
1268 991 1341 1032 hos
1364 992 1544 1045 suscepit
1565 993 1732 1031 sanetus
1748 989 1896 1030 Hesio-

359 1063 434 1104 dus
456 1065 673 1118 episcopus
696 1061 1021 1112 Corinthiorum,
1049 1062 1111 1100 vir
1141 1062 1209 1114 qui
1232 1061 1358 1100 etiam
1378 1063 1558 1101 mortuos
1580 1059 1802 1099 suscitasse
1823 1056 1897 1099 ad-

359 1134 519 1172 seritur.
570 1130 687 1173 [nde
710 1130 864 1170 sactum
886 1135 948 1170 est
969 1133 1014 1169 ut
1036 1128 1126 1183 plus
1149 1130 1413 1169 sanctitatem
1434 1141 1556 1181 quam
1577 1126 1900 1182 disputationem

359 1200 632 1241 adtendentes
653 1199 841 1240 homines
864 1198 1032 1238 ⁴Arium
1054 1200 1356 1237 execrarentur.
1408 1195 1620 1250 Siquidem
1640 1196 1727 1236 eius
1749 1194 1899 1236 oratio-

360 1269 480 1310 nibus
502 1269 706 1310 adseritur
728 1269 816 1322 ipse
839 1267 852 1288 ⁷*
865 1266 987 1307 Arius
1010 1267 1052 1306 in
1075 1278 1285 1306 secessum
1308 1264 1456 1305 sedens
1479 1266 1671 1305 universa
1691 1262 1814 1304 simul
1834 1263 1899 1303 in-

361 1342 527 1379 teranea
549 1351 642 1378 cum
665 1335 914 1376 stercoribus
937 1333 1182 1389 profudisse.
1232 1333 1320 1374 Iam
1349 1336 1492 1374 contra
1518 1336 1673 1374 sectam
1701 1332 1788 1373 eius
1814 1334 1901 1372 tam

361 1406 580 1448 orientales
603 1419 725 1460 quam
754 1405 878 1444 etiam
907 1401 1184 1444 occidentales
1214 1403 1397 1457 episcopi
1427 1403 1693 1456 seripserunt.
1744 1399 1900 1450 Quibus

361 1491 453 1518 euin
475 1489 549 1530 per
562 1473 724 1527 singula.
737 1474 872 1527 capita
884 1471 1121 1525 dogmatum
1134 1484 1301 1512 suorum
1318 1469 1516 1511 adserunt
1535 1469 1900 1525 blasphemantem.

446 1544 815 1597 Quinquagesimos
838 1540 1068 1581 ¹Vadianos
1099 1542 1300 1580 memorat
1320 1538 1595 1593 Epiphanius,
1622 1551 1705 1579 non
1733 1536 1900 1592 quidem

360 1614 604 1664 haereticos,
626 1611 697 1652 sed
719 1610 1019 1652 schismaticos.
1053 1608 1162 1658 Quos
1185 1607 1254 1648 alii
1275 1606 1717 1662 Anthropomorphitas
1739 1608 1902 1658 vocant,

361 1684 555 1738 quoniam
577 1680 700 1721 deum
722 1679 800 1720 sibi
822 1679 982 1731 fingunt
1004 1678 1249 1730 cogitatione
1272 1675 1427 1717 carnali
1449 1677 1493 1716 in
1513 1674 1781 1717 similitudine
1798 1675 1902 1715 ima-

361 1753 468 1805 ginis
491 1748 768 1804 corruptibilis
791 1747 993 1798 hominis,
1022 1745 1231 1798 dicentes,
1259 1743 1274 1768 2
1289 1744 1413 1786 Oculi
1441 1745 1600 1786 domini
1615 1758 1741 1800 super
1759 1744 1901 1785 iustos.

362 1820 376 1844 3
392 1820 533 1861 Caelos
557 1833 683 1874 opera
705 1818 930 1871 clz'fse'torum
952 1815 1036 1863 dez}
1059 1818 1113 1866 et,
1134 1814 1273 1855 4Deus
1294 1814 1405 1855 sedet
1422 1827 1547 1869 super
1566 1812 1698 1854 sedem
1716 1818 1905 1853 sanctam

363 1904 482 1930 suam
494 1904 505 1937 ,·
528 1891 581 1939 et,
602 1886 740 1927 ³Deus
761 1885 868 1925 stetit
890 1885 932 1924 in
952 1898 1165 1938 ‚sysnaqoya
1188 1883 1369 1935 deorum,
1392 1885 1433 1922 et
1454 1885 1589 1923 cetera
1608 1894 1712 1935 quae
1731 1882 1907 1936 possunt

365 1956 414 1998 de
436 1955 592 1997 visibili
614 1955 795 2008 cogitari.
848 1953 950 2002 Quia
980 1965 1072 2005 ergo
1102 1953 1144 1992 in
1166 1951 1277 1993 nullo
1299 1950 1377 1992 alio
1401 1954 1559 2002 errant,
1585 1949 1749 1991 6mitius
1770 1950 1814 1990 in
1835 1962 1905 1990 eos

365 2039 489 2079 agens
511 2023 766 2078 Epiphanius
795 2020 928 2061 noluit
949 2020 1177 2061 haereticos
1207 2021 1442 2072 nominare,
1472 2018 1573 2060 dans
1595 2019 1760 2059 veniam
1778 2018 1905 2058 rusti-

366 2095 493 2136 citati.
526 2091 643 2142 Quod
663 2095 803 2131 autem
819 2090 937 2130 nobis
956 2103 1039 2130 non
1057 2090 1378 2140 communicant,
1400 2087 1563 2129 divitias
1576 2086 1726 2127 habere
1743 2089 1906 2128 nostros

367 2163 582 2217 episcopos
613 2159 816 2211 clamant,
847 2171 948 2211 quas
971 2157 1158 2198 Christus
1189 2159 1314 2198 etiam
1340 2156 1464 2198 laicos
1493 2159 1752 2197 contemnere
1779 2153 1906 2196 iubet.

365 2230 525 2273 Pascha
556 2243 650 2271 cum
680 2227 842 2269 Iudaeis
872 2225 1094 2267 celebrant.
1144 2225 1238 2279 Egit
1265 2229 1407 2267 eontra
1436 2224 1511 2266 hos
1541 2224 1680 2266 Zenon
1711 2222 1907 2278 Syrorum

367 2301 596 2355 episcopus.

453 2366 802 2420 Quinquagesima
829 2364 962 2418 prima
991 2363 1175 2404 haeresis
1205 2363 1575 2414 Eunomianorum,
1612 2360 1662 2402 ab
1693 2359 1906 2402 Eunomio.

367 2437 421 2479 Hi
442 2436 646 2490 serpentis
669 2434 829 2486 antiqui
850 2433 998 2486 spiritu
1026 2431 1139 2486 pleni
1166 2446 1250 2473 non
1279 2431 1412 2473 solum
1437 2431 1639 2471 minorem
1659 2428 1809 2482 filium,
1836 2427 1909 2470 sed

369 2519 445 2547 nec
467 2503 615 2546 similis
637 2502 841 2543 essentiae
864 2514 953 2542 esse
976 2500 1108 2541 filium
1128 2500 1386 2542 adseverant.
1437 2498 1530 2552 Egit
1550 2501 1692 2539 contra
1710 2497 1785 2540 hos
1805 2496 1908 2539 Am-

368 2575 530 2616 menius
552 2571 780 2628 presbyter.

439 2719 521 2765 Cap.
538 2717 664 2752 XLIX.
681 2738 725 2743 —
748 2717 776 2751 1.
794 2717 912 2750 Arrius
931 2717 1005 2750 edd.
1023 2714 1123 2749 Sz'rm.
1147 2715 1309 2749 Galland.
1385 2713 1417 2748 2.
1435 2713 1598 2747 Arrianos
1616 2713 1691 2747 edd.
1707 2710 1807 2744 Sirm.
1827 2709 1910 2744 G'al-

373 2767 466 2799 land.
502 2766 560 2798 Ita
578 2776 686 2797 omnes
703 2763 792 2797 libri.
870 2762 902 2797 3.
919 2762 958 2795 In
975 2773 1026 2802 eo,
1043 2761 1075 2793 Ιι.
1090 2773 1115 2793 e.
1133 2763 1167 2793 in
1185 2763 1305 2805 spiritu
1323 2765 1449 2794 sancto.
1518 2759 1550 2792 4.
1566 2759 1702 2792 Arrium
1718 2757 1792 2790 edd.
1807 2754 1909 2790 Sirm.

376 2812 537 2845 Gctllnnd.
608 2809 639 2841 5.
656 2809 774 2842 Arrius
793 2809 867 2842 eald.
884 2808 983 2841 Sz‘rm.
1005 2807 1167 2840 Gallcmd.

441 2856 522 2900 Cap.
538 2855 576 2888 L.
593 2875 636 2879 —
668 2855 697 2887 1.
714 2853 887 2886 Vadianos
907 2866 982 2896 eqo,
1007 2864 1045 2885 ωε
1062 2853 1261 2893 Amas-tino.
1287 2850 1473 2883 Valdianos
1495 2849 1592 2883 MSS.
1617 2848 1706 2891 Auq.
1730 2846 1821 2878 Rem.
1838 2845 1910 2879 Du-

374 2914 462 2936 nenS.
480 2901 655 2934 Audianos
674 2901 748 2933 edd.
765 2898 866 2932 Sirm.
889 2899 979 2933 Gall.
1062 2897 1092 2930 32.
1108 2896 1236 2930 Psalm.
1252 2895 1419 2937 XXXHI,
1439 2895 1491 2929 16.
1570 2893 1602 2927 3.
1617 2893 1742 2926 Psalm.
1759 2890 1854 2932 VIII,
1877 2891 1910 2924 4.

374 2948 404 2980 4.
421 2947 547 2980 Psalm.
563 2945 684 2985 XLVI,
703 2944 734 2978 9.
804 2943 835 2978 5.
851 2943 977 2979 Psalm.
996 2941 1158 2984 LXXXI,
1179 2942 1205 2975 1.
1277 2942 1307 2975 6.
1325 2941 1442 2975 mitius
1459 2941 1495 2975 in
1517 2950 1574 2973 eos
1597 2938 1670 2972 MS.
1687 2937 1776 2981 Auq.
1793 2936 1910 2971 mitius

375 3003 433 3026 eos
453 2993 527 3027 edd.
545 2991 645 3026 Sir-m.
668 2990 758 3024 Gall.
