2052 3374
1640 191 1720 233 395

179 303 232 337 his
253 304 338 347 ipsis
359 303 447 334 tanti
466 301 576 334 verbis
600 302 770 343 maqistri,
796 299 844 332 ibi
865 301 917 332 ait
937 299 1061 331 dixisse
1083 296 1280 337 Abraham,
1304 298 1393 329 inter
1413 306 1470 328 vos
1493 299 1524 328 et
1543 305 1602 327 nos
1619 292 1722 326 chaos

177 348 514 392 maynumfirmatum
531 352 592 386 est,
609 348 694 379 satis
710 352 745 379 ut
760 348 878 389 opinor
894 349 1067 389 appareat
1080 354 1144 376 uon
1160 354 1228 375 esse
1245 342 1414 386 quandam
1428 345 1561 386 partem
1578 346 1610 373 et
1624 342 1723 384 quasi

178 393 350 427 membrum
367 395 550 436 inferorum
566 397 682 425 tantae
698 391 789 424 illius
803 391 987 434 felicitatis
1003 392 1119 422 sinum.
1163 387 1273 421 Chaos
1296 390 1381 420 euim
1404 398 1558 429 maqnum
1579 386 1660 430 quid
1675 390 1724 418 est

178 441 246 473 nisi
259 439 394 482 quidam
411 437 534 478 hiatus,
551 438 683 470 multum
700 448 740 470 ea
756 447 922 480 separans
937 437 1024 468 inter
1040 446 1124 479 quae
1141 446 1203 466 non
1219 434 1321 466 solum
1339 438 1402 473 est,
1420 444 1531 465 verum
1548 434 1649 464 etiam
1657 431 1721 475 fir-

178 491 288 518 matus
304 485 374 517 est?
401 482 616 528 Quapropter
631 485 662 516 si
676 484 712 515 *in
728 482 821 515 illum
836 483 942 513 sinum
959 479 1125 513 Abrahae
1144 479 1310 512 Christum
1328 484 1487 511 mortuum
1504 479 1631 510 venisse
1643 488 1722 510 san-

180 537 237 564 cta
251 531 426 574 scriptura
443 530 598 569 dixisset,
622 540 684 562 non
701 529 866 564 nominato
882 529 1013 569 inferno
1030 528 1160 569 eiusque
1178 524 1360 564 doloribus,
1385 526 1489 556 miror
1505 525 1536 556 si
1551 524 1722 567 quisquam

179 576 228 610 ad
241 577 367 619 inferos
383 587 453 608 eum
471 575 688 613 descendisse,
707 584 858 606 asserere
876 572 1024 605 auderet.
1055 570 1124 604 Sed
1139 573 1219 615 quia
1237 571 1406 603 evidentia
1423 571 1609 603 testimonia
1627 574 1659 601 et
1672 570 1722 601 in-

171 623 308 666 fernum
325 626 577 654 commemorant
600 625 632 652 et
647 619 791 658 dolores,
816 618 910 650 nulla
931 628 1037 650 causa
1061 619 1223 657 occurrit,
1249 627 1310 649 cur
1331 616 1388 648 illo
1413 615 1574 648 credatur
1596 616 1723 647 venisse

178 667 346 706 salvator,
365 669 432 699 nisi
447 673 483 699 ut
498 666 539 699 ab
558 668 628 698 eius
645 664 812 698 doloribus
827 663 938 696 salvos
946 665 1093 706 faceret.
1132 661 1200 695 Sed
1214 667 1323 694 utrum
1340 672 1448 694 omnes
1464 671 1541 704 quos
1557 662 1593 693 in
1610 662 1657 693 eis
1672 662 1723 693 in-

179 714 279 752 venit,
297 723 342 745 an
358 712 515 755 quosdam
533 722 610 754 quos
626 711 682 744 illo
700 710 854 753 beneflcio
872 709 990 751 diqnos
1006 709 1188 747 iudicavit,
1216 706 1327 740 adhuc
1350 708 1493 750 requiro.
1534 705 1654 738 Fuisse
1672 711 1723 738 ta-

177 769 252 791 men
268 769 338 790 eum
356 758 449 802 apud
462 759 604 801 infer08,
622 761 654 788 et
669 758 703 788 in
719 767 828 787 eorum
847 754 1014 787 doloribus
1031 755 1216 786 constitutis
1232 752 1292 785 hoc
1310 752 1498 796 beneficium
1512 754 1724 796 praestitisse

179 813 244 837 non
260 803 381 836 dubito.
411 802 504 836 Unde
518 803 588 835 illis
602 803 708 841 iustis,
725 802 781 845 qui
795 802 831 833 in
847 801 920 832 sinu
933 798 1099 831 Abrahae
1113 806 1218 838 erant,
1237 809 1309 831 cum
1322 798 1378 830 ille
1396 800 1430 830 in
1442 800 1577 841 inferna
1592 798 1723 830 descen-

180 849 283 890 dcret,
300 849 441 882 nondum
457 849 537 892 quid
553 847 742 880 eontulzsset
756 847 879 885 inveni,
896 858 918 877 a
935 844 1050 889 quibus
1074 855 1144 876 eum
1167 844 1343 876 secuudum
1361 844 1549 886 beatificam
1563 854 1724 886 praesen-

180 897 262 928 tiam
277 905 359 927 suae
376 895 565 927 divinitatis
582 904 744 936 nunquam
761 892 856 935 video
872 893 1057 923 recessisse.
1081 889 1124 922 Et
1141 888 1181 922 de
1197 888 1323 923 Genesi
1339 888 1382 921 ad
1395 888 1559 922 Litteram
1571 893 1653 922 tom.
1667 887 1723 921 III.

178 939 238 974 fol.
250 938 328 973 498.
343 939 402 972 lib.
414 937 492 972 XII.
509 949 582 983 cap.
594 936 761 971 XXXIII.
787 937 881 969 Illud
897 947 944 968 me
961 936 1101 968 nondum
1114 937 1277 968 invenisse
1290 936 1454 978 confiteor,
1470 937 1596 978 inferos
1610 935 1724 978 appel-
1760 974 1761 977 Ἴ

181 986 276 1026 latos,
292 985 350 1018 ubi
364 987 522 1018 iustorum
539 986 674 1016 animae
689 984 908 1026 requiescunt.
947 980 996 1014 Et
1020 980 1146 1013 Christi
1167 981 1295 1024 quidem
1319 983 1465 1013 animam
1490 991 1589 1024 usque
1612 981 1660 1012 ad
1683 991 1724 1012 ea

181 1032 256 1064 loca
272 1041 409 1071 venisse,
425 1032 461 1062 in
477 1029 592 1073 quibus
603 1035 802 1073 peccatores
819 1029 1027 1066 cruciantur,
1044 1031 1081 1059 ut
1096 1037 1149 1059 eos
1165 1026 1305 1059 solueret
1320 1038 1341 1059 α
1359 1028 1542 1065 tormentis,
1561 1037 1640 1068 quos
1656 1036 1724 1058 esse

180 1077 353 1110 solvendos
373 1076 505 1108 occulta
528 1086 590 1107 sua
615 1074 707 1106 nobis
729 1075 859 1106 iustitia
883 1072 1070 1111 iudicabat,
1096 1083 1158 1104 non
1174 1074 1336 1104 immerito
1353 1072 1513 1105 creditur.
1558 1070 1724 1110 Quomodo

181 1124 266 1155 enim
283 1122 385 1155 aliter
401 1121 634 1164 accipiendum
650 1122 703 1159 sit,
720 1119 807 1163 quod
824 1119 947 1151 dictum
965 1125 1028 1150 est.-
1052 1128 1143 1161 quem
1168 1118 1246 1150 deus
1262 1119 1439 1150 suscitavit
1454 1129 1493 1150 ex
1511 1119 1647 1150 mortuis
1663 1122 1723 1149 etc.

180 1179 245 1200 non
260 1167 355 1200 video
373 1168 440 1199 nisi
454 1172 491 1199 ut
504 1166 709 1210 quorundam
728 1165 857 1197 dolores
874 1164 968 1207 apud
982 1165 1108 1207 inferos
1124 1174 1196 1195 eum
1211 1163 1347 1196 soluisse
1365 1165 1592 1206 accipiamus,
1611 1175 1650 1195 ea
1663 1173 1724 1206 po-

181 1218 299 1247 testate
315 1223 380 1256 qua
393 1213 544 1245 dominus
560 1216 616 1251 est,
635 1213 690 1243 cui
706 1221 796 1242 omne
811 1221 895 1253 qenu
903 1209 1071 1253 flectitur,
1090 1210 1296 1248 caelestium,
1316 1210 1536 1248 terrestrium,
1556 1215 1587 1241 et
1602 1210 1723 1250 infero-

179 1269 269 1298 rum,
279 1269 346 1302 per
361 1269 459 1302 quam
471 1262 665 1302 potestatem
683 1259 782 1288 etiam
798 1256 868 1288 illis
884 1255 1052 1288 doloribus
1068 1266 1146 1298 quos
1160 1255 1271 1294 soluit,
1291 1266 1353 1287 non
1364 1256 1475 1298 potuit
1498 1256 1612 1287 teneri.
1654 1252 1723 1286 Ne-

181 1316 241 1349 que
258 1305 342 1336 enim
358 1302 537 1336 Abraham
554 1303 607 1335 vel
622 1303 678 1334 ille
689 1313 826 1346 pauper
841 1303 876 1333 in
891 1303 966 1333 sinu
983 1303 1062 1339 eius,
1080 1299 1142 1333 hoc
1160 1306 1220 1340 est,
1239 1303 1273 1332 iu
1289 1306 1414 1333 secreto
1439 1302 1557 1343 quietis
1580 1301 1666 1339 eius,
1688 1301 1724 1331 in

182 1349 349 1383 doloribus
365 1355 454 1389 erat,
478 1350 566 1382 inter
588 1360 723 1392 quorum
746 1349 889 1391 requiem
915 1353 946 1379 et
968 1346 1041 1379 alia
1065 1348 1191 1389 inferni
1213 1351 1391 1384 tormenta,
1415 1346 1553 1388 leyimus
1570 1356 1724 1388 maynum

183 1394 285 1429 chaos
293 1396 477 1439 firmatum,
493 1395 553 1426 sed
568 1404 626 1426 uec
640 1394 734 1437 apud
747 1395 873 1436 inferos
885 1403 953 1425 esse
967 1393 1051 1425 dicti
1066 1398 1150 1426 sunt.
1178 1390 1322 1435 Contiyit
1335 1393 1429 1431 enim,
1447 1393 1563 1435 inquit,
1579 1392 1664 1423 mor-i
1674 1393 1723 1422 in-

182 1452 273 1485 opem
288 1441 382 1473 illum
399 1445 431 1472 et
445 1441 567 1484 afferri
583 1439 624 1472 ab
642 1440 771 1481 anyelis
787 1440 822 1471 in
837 1440 943 1470 sinum
960 1437 990 1469 A
998 1436 1142 1477 brahae,-
1167 1443 1311 1470 mortuus
1328 1442 1376 1469 est
1391 1443 1498 1470 autem
1517 1443 1547 1470 et
1563 1437 1671 1476 dives,
1695 1442 1727 1469 et

181 1486 328 1530 sepultus
344 1491 401 1526 est,
419 1492 450 1519 et
466 1497 537 1518 cum
555 1486 649 1529 apud
662 1487 789 1528 inferos
805 1489 890 1517 esset
902 1486 937 1516 in
954 1485 1132 1522 tormentis,
1151 1490 1211 1516 etc.
1245 1482 1399 1516 Videmus
1416 1484 1526 1526 itaque
1543 1484 1724 1526 inferorum

181 1534 374 1565 ment-ionem
390 1543 453 1564 non
469 1542 538 1564 esse
545 1533 682 1574 jactam
707 1532 740 1562 in
757 1532 868 1574 requie
879 1531 1062 1573 pauperis,
1085 1529 1145 1561 sed
1167 1531 1203 1561 in
1224 1529 1389 1572 supplicio
1415 1529 1539 1561 (levitis.
1580 1527 1726 1560 Proinde

181 1584 219 1611 ut
235 1577 316 1617 dixi,
334 1577 474 1610 noudum
490 1578 612 1616 inveni,
631 1582 663 1609 et
678 1575 789 1609 adhuc
806 1588 941 1620 quaero,
960 1586 1018 1607 nec
1035 1573 1117 1606 mihi
1133 1577 1291 1614 occurrit,
1307 1576 1433 1617 inj‘eros
1451 1573 1578 1606 alicubi
1592 1577 1625 1605 in
1647 1574 1726 1606 bono

177 1625 330 1668 posuisse
345 1624 550 1666 scripturam
568 1623 735 1654 duntaxat
750 1623 957 1654 canonicam.
999 1619 1078 1653 Non
1096 1626 1203 1653 autem
1220 1622 1255 1652 in
1273 1620 1352 1652 bono
1371 1620 1605 1663 accipiendum
1621 1621 1727 1651 sinum

183 1667 366 1708 Abrahae,
390 1673 422 1700 et
435 1668 529 1700 illam
546 1669 705 1711 requiem,
729 1679 789 1711 quo
813 1667 854 1700 ab
873 1667 1002 1709 anqelis
1013 1669 1093 1710 pius
1106 1677 1240 1710 pauper
1257 1666 1391 1698 ablatus
1407 1672 1469 1706 est,
1493 1667 1601 1697 nescio
1618 1671 1728 1697 utrum

183 1716 355 1758 quisquam
366 1715 475 1758 possit
489 1714 626 1753 audire,
645 1718 677 1745 et
689 1713 764 1746 ideo
781 1713 936 1756 quomodo
953 1723 1023 1744 eum
1041 1712 1134 1755 apud
1148 1714 1274 1755 inferos
1292 1712 1468 1744 credamus
1486 1722 1570 1750 esse,
1596 1722 1659 1743 non
1678 1712 1727 1742 vi-

185 1761 254 1794 deo.
279 1759 451 1792 Hactenus
466 1758 681 1802 Augustinus
704 1757 832 1791 erudite
855 1757 993 1802 quidem
1017 1761 1051 1790 et
1066 1767 1155 1791 vere.
1195 1756 1281 1790 Illud
1298 1761 1412 1790 autem
1430 1761 1549 1789 notatu
1573 1755 1726 1800 dignum,

184 1805 275 1850 quod
291 1804 382 1838 idem
396 1804 448 1837 vir
463 1809 602 1837 sanctus
617 1804 653 1836 in
669 1804 841 1848 psalmum
859 1803 1034 1837 LXXXV.
1051 1807 1133 1837 tom.
1151 1802 1238 1835 VIII.
1255 1802 1314 1835 fol.
1333 1801 1408 1836 652.
1426 1801 1492 1835 duo
1509 1802 1643 1835 inferna
1660 1807 1728 1834 sta-

182 1851 258 1892 tuit,
275 1852 418 1894 inferius
433 1855 465 1882 et
478 1852 649 1894 superius.-
667 1862 800 1894 quorum
817 1852 852 1882 in
865 1861 927 1882 uno
944 1851 1137 1892 quieverunt
1151 1851 1286 1881 animae
1298 1851 1476 1885 iustorum,-
1491 1850 1525 1880 in
1540 1848 1644 1880 altero
1663 1853 1728 1880 tor-

184 1903 321 1942 quentur
345 1898 477 1928 animae
499 1897 685 1939 impiorum.
726 1894 792 1928 Sed
816 1894 900 1928 haec
922 1894 1103 1939 protulisse
1120 1894 1254 1927 videtur
1269 1905 1339 1927 non
1360 1892 1563 1926 affirmando
1582 1892 1640 1926 sed
1658 1893 1729 1938 opi-

183 1941 309 1976 nando.
333 1941 448 1986 Inquit
464 1941 565 1981 enim,
573 1943 710 1984 fratres
725 1943 794 1973 sii-e
811 1941 896 1974 illud
910 1943 980 1973 siz-e
995 1941 1087 1973 istud
1102 1942 1154 1981 sit,
1180 1939 1235 1973 hic
1253 1952 1301 1973 me
1317 1945 1537 1972 scrutatorem
1556 1940 1648 1972 verbi
1665 1941 1728 1978 dei,

184 2000 248 2022 non
264 1989 476 2021 temerarium
494 1988 734 2030 affirmatorem
751 1990 899 2020 teneatis,
936 1985 1033 2019 Certe
1051 1984 1217 2029 Origenes
1235 1984 1304 2028 περὶ
1322 1983 1432 2030 ἀρχῶν
1450 1985 1507 2020 lib.
1526 1984 1580 2018 IV.
1599 1995 1670 2029 cap.
1687 1984 1728 2017 II.

185 2037 220 2068 et
234 2033 436 2067 Ambrosius
452 2032 488 2065 in
505 2042 579 2076 cap.
597 2032 636 2066 V.
659 2032 793 2076 epistol.
812 2031 907 2064 Pauli
931 2031 973 2064 ad
996 2031 1142 2064 Roman.
1166 2035 1243 2064 ante
1263 2031 1497 2075 Augustinum
1519 2029 1583 2064 hoc
1601 2030 1728 2073 dogma

184 2082 436 2125 proposuerunt
450 2077 486 2110 in
502 2078 573 2110 suis
590 2077 752 2122 scriptis,*
768 2077 960 2122 repertique
978 2078 1037 2121 qui
1048 2077 1185 2110 illorum
1204 2077 1400 2121 opinionem
1417 2077 1610 2121 probarent.
1643 2076 1727 2119 [Hos

183 2124 311 2159 refutat
327 2124 554 2167 Hieronymus
577 2123 612 2155 iu
628 2122 752 2157 Psalm.
769 2123 945 2156 LXXXV.
962 2122 1020 2156 fol.
1041 2121 1113 2155 108.
1154 2122 1324 2167 Eripuisti
1340 2124 1487 2155 animam
1507 2134 1609 2154 meam
1624 2134 1663 2155 ex
1678 2124 1728 2154 in-

176 2173 279 2215 ferno
296 2172 467 2213 inferiori,
485 2174 546 2201 cto.
571 2168 649 2201 Non
667 2170 752 2213 quod
769 2170 831 2202 duo
844 2171 980 2212 inferna
996 2171 1076 2208 sint,
1099 2168 1228 2212 inquit,
1245 2169 1305 2201 sed
1325 2170 1387 2201 isle
1406 2171 1607 2211 superiorem
1625 2170 1728 2211 infer-

185 2227 261 2249 num
272 2220 451 2260 peccatum
468 2215 563 2254 dixit,
578 2216 771 2257 inferiorem
788 2226 864 2247 vero
882 2217 938 2259 qui
950 2221 998 2247 est
1012 2226 1109 2247 verus
1121 2216 1281 2258 inferuus,
1298 2216 1333 2246 in
1347 2226 1406 2258 quo
1421 2219 1620 2258 peccatores
1636 2215 1728 2246 dam-

185 2266 321 2295 nantur.
347 2259 490 2293 Laudat
505 2271 582 2302 erqo
599 2259 636 2292 ob
653 2259 714 2292 hoc
732 2261 998 2293 misericordiam
1016 2260 1150 2300 domini,
1167 2261 1254 2304 quod
1268 2262 1315 2292 sit
1329 2265 1442 2292 erutus
1459 2272 1479 2292 a
1497 2260 1661 2303 supplicio
1678 2262 1728 2292 in-

178 2309 323 2351 fer-ioris
337 2304 489 2350 inferni]
515 2303 735 2338 Scholasticis
752 2304 815 2339 hoc
833 2309 1067 2339 commentum
1084 2305 1182 2338 valde
1199 2305 1336 2349 placuit.
1375 2304 1451 2338 Non
1469 2305 1559 2338 enim
1577 2304 1728 2338 contenti

186 2352 263 2393 illis,
281 2361 368 2396 quae
385 2350 512 2396 priores
529 2350 570 2384 de
585 2349 717 2384 inferno
735 2351 862 2395 duplici
879 2350 1074 2391 delirarunt,
1092 2351 1160 2384 alia
1174 2349 1283 2384 adhuc
1298 2350 1363 2384 duo
1380 2350 1515 2384 inferna
1532 2350 1728 2395 exsculpse-

186 2401 282 2438 runt,
302 2400 404 2441 atque
425 2396 475 2429 ita
495 2395 680 2429 effecerunt
698 2396 872 2430 infernum
897 2396 1165 2441 quadruplicem.
1190 2396 1215 2429 I.
1238 2399 1402 2440 infernum
1421 2398 1662 2429 damnatorum.
1688 2395 1727 2428 II.

188 2443 319 2476 limbum
330 2453 522 2486 puerorum.
537 2441 594 2476 III.
607 2445 853 2486 purqatorium.
870 2442 926 2476 IV.
946 2443 1077 2475 limbum
1089 2449 1238 2486 patrum.
1263 2442 1505 2475 Bonaventura
1522 2441 1727 2474 Albanensis

187 2489 336 2534 episcop.
352 2487 409 2521 lib.
427 2486 483 2521 IV.
501 2486 649 2521 distinct.
667 2487 771 2521 XLV.
788 2499 882 2521 num.
904 2487 952 2521 12.
971 2492 1004 2521 et
1021 2487 1070 2521 15.
1094 2488 1276 2521 Durandus
1294 2487 1334 2520 de
1352 2488 1386 2520 S.
1403 2487 1563 2520 Portiauo
1581 2491 1726 2520 sentent.

186 2534 245 2569 lib.
262 2533 318 2568 III.
336 2532 464 2567 distint.
479 2531 593 2566 XXII.
610 2537 740 2578 quaest.
757 2533 812 2568 IV.
835 2533 1013 2567 Sciendum
1031 2540 1079 2566 est
1093 2535 1180 2577 quod
1201 2534 1411 2577 quadruplex
1434 2540 1482 2566 est
1496 2535 1656 2576 inferum,
1678 2544 1726 2564 se-

188 2581 329 2614 cundum
345 2579 554 2624 quadrupleoe
563 2590 749 2622 poenarum
763 2591 876 2623 yellus.
927 2578 1134 2618 Quibusdam
1159 2591 1242 2612 enim
1267 2580 1369 2612 datur
1388 2590 1499 2623 poena
1524 2579 1647 2617 damni,
1666 2577 1727 2610 hoc

188 2633 246 2666 est,
264 2630 430 2670 perpetua
449 2626 604 2657 carentia
627 2626 765 2657 visionis
787 2626 932 2665 divinae,
957 2631 989 2657 et
998 2630 1162 2669 perpetua
1184 2636 1292 2668 poena
1310 2636 1432 2663 sensus,
1452 2626 1582 2656 ratione
1590 2625 1729 2667 peccati

189 2671 346 2709 actualis,
362 2670 525 2709 mortalis,
541 2671 576 2702 in
593 2681 652 2714 quo
670 2671 888 2703 decesserunt.
919 2669 968 2703 Et
982 2673 1010 2704 ii
1025 2672 1183 2704 dicuntur
1199 2682 1267 2702 esse
1283 2672 1318 2702 in
1333 2672 1464 2712 inferno
1482 2670 1725 2702 damnatorum.

187 2717 281 2750 Aliis
298 2716 432 2750 debetur
442 2721 608 2759 perpetua
627 2727 737 2759 poena
755 2716 870 2749 damni
886 2716 1006 2759 absque
1025 2726 1134 2760 poena
1152 2727 1275 2755 sensus,
1298 2717 1429 2747 scilieet
1444 2714 1676 2746 decedentibus
1693 2716 1727 2746 in

187 2763 256 2796 solo
266 2767 410 2807 peccato
427 2761 597 2803 oriqinali,
614 2762 670 2803 qui
684 2762 841 2794 dicuntur
864 2773 931 2794 esse
949 2765 983 2794 in
1006 2762 1102 2794 limbo
1115 2773 1307 2805 puerorum.
1349 2761 1439 2792 Aliis
1464 2759 1597 2791 debetur
1614 2771 1726 2802 poena

187 2819 301 2842 sensus
316 2813 348 2841 et
362 2808 486 2846 damni,
504 2817 566 2838 non
582 2807 709 2849 quidem
719 2814 897 2852 perpetua,
913 2809 973 2840 sed
989 2807 1192 2851 temporalis,
1209 2807 1278 2839 illis
1290 2807 1429 2845 scilicet,
1447 2807 1502 2848 qui
1518 2805 1729 2837 decesserunt

188 2855 225 2887 in
244 2855 381 2898 qratia,
405 2852 567 2885 debitores
584 2851 728 2884 alicuius
745 2864 890 2896 poenae,
916 2864 950 2885 eo
968 2854 1055 2897 quod
1076 2854 1298 2896 inpraesenti
1322 2853 1392 2884 rita
1411 2862 1472 2882 uon
1489 2852 1728 2893 satisjecerunt

183 2900 283 2944 plene
300 2899 339 2932 de
357 2898 464 2942 culpis
481 2899 670 2930 commissis.
716 2897 763 2930 Et
777 2899 836 2930 isti
851 2899 1007 2932 dicuntur
1024 2908 1092 2930 esse
1107 2899 1142 2930 in
1152 2899 1366 2941 purqatorio.
1416 2896 1507 2927 Aliis
1530 2907 1606 2928 vero
1623 2896 1725 2928 solum

191 3046 218 3072 u
254 3011 282 3052 f)
301 3011 555 3072 (irfngbhiagnus
572 3011 602 3036 iu
620 3011 678 3036 Iob.
698 3011 745 3038 lib.
759 3011 798 3037 12.
818 3019 877 3045 cap.
890 3012 913 3038 9.
934 3012 1010 3037 Beda
1029 3011 1057 3037 in
1072 3011 1171 3044 psalm.
1184 3012 1224 3037 85.
1244 3010 1379 3038 Bernard.
1399 3016 1482 3035 serm.
1496 3008 1519 3036 2.
1537 3009 1571 3034 de
1591 3013 1723 3043 assumpt.

221 3053 297 3073 anae
327 3054 343 3073 o
357 3064 364 3072 .
432 3066 439 3073 .
