2100 3342
195 319 258 352 Cup.
280 320 379 344 xxvi.

1067 202 1113 228 PH
1118 202 1261 228 ILASTRI

404 207 456 248 26

515 308 608 351 Alia
628 312 690 348 est
704 307 885 348 haeresis
907 306 956 346 de
980 305 1263 359 ¹Pyth0nissa,
1285 318 1365 359 qua
1384 304 1684 360 2cooperientes
1706 306 1928 346 vestimen-

404 380 456 418 tis
477 377 735 418 ³mulierem²²
755 375 805 415 ab
829 389 876 415 ea
892 373 1091 428 quaedam
1107 387 1304 428 responsa
1320 373 1542 428 sperabant
1556 373 1700 428 posseb
1722 373 1930 426 consequi.

404 445 521 487 Unde
544 449 583 485 et
604 446 718 484 aiunt
737 443 1048 496 4Pythonissam
1070 442 1181 482 illam
1198 441 1307 482 beati
1329 441 1530 482 Samuelis
1552 443 1731 482 animam
1750 440 1801 482 ab
1823 440 1928 481 infe-

406 516 459 554 ris
478 514 697 559 0110111155ος
715 511 859 564 5101111ιο
882 510 976 551 111(Ιο
993 511 1168 550 maxime
1187 510 1297 550 credi
1316 523 1434 564 posse
1455 510 1640 550 homines
1661 522 1789 563 usque
1810 508 1932 550 hodie

406 581 567 636 plurimi
595 581 872 634 suspicantur,
902 579 1022 632 ὅ(111111
1047 592 1148 632 quae
1179 578 1337 618 dixerat
1363 579 1448 631 regi
1470 578 1582 618 Sauli
1604 578 1815 632 superstiti
1836 590 1930 631 pro-

407 650 528 703 pheta
555 648 839 699 beatissimus,
874 660 921 687 ea
948 648 1071 687 etiam
1100 648 1141 687 in
1169 648 1405 687 executione
1434 648 1551 699 quasi
1578 645 1663 686 701ο
1692 647 1841 686 iterum
1868 658 1932 685 re-

405 730 556 772 sponsa
589 716 741 756 dixisse
771 716 1051 769 Scognoscitur
1080 728 1193 764 vera3
1234 728 1405 768 cumque
1428 714 1592 769 plurimi
1622 713 1716 755 huic
1738 712 1931 767 adquies-

405 799 494 826 cere
522 784 734 825 mendacio
763 784 928 835 malint,
959 785 1001 824 in
1029 787 1269 837 perpetuum
1297 782 1553 823 descendunt
1580 783 1813 834 interitum,
1843 794 1936 822 cum

406 853 626 908 prophetad
649 853 774 894 dicat:
796 852 823 892 I
823 859 1006 892 ustorum
1025 853 1187 892 (mimae
1207 853 1250 892 in
1269 866 1396 892 manu
1416 851 1596 892 ⁹cl071zz‘ni
1601 883 1612 902 ,
1641 857 1678 890 et
1701 864 1784 891 non
1805 850 1938 905 tanyit

405 937 472 962 eas·
497 936 617 962 mors.
666 920 873 970 Quomodo
904 922 1040 973 itaque
1071 921 1209 960 anima
1238 921 1385 974 impiae
1415 921 1526 974 piam
1552 922 1816 972 sanctamque
1846 918 1936 958 ani-

404 1004 528 1041 mam,
550 994 591 1030 et
606 989 846 1043 prophetam
860 990 1051 1039 maxime,
1073 992 1233 1042 poterat
1248 988 1298 1027 ab
1316 987 1456 1028 inferis
1474 984 1677 1027 excitare?
1701 985 1822 1027 ¹⁰Sed
1843 986 1939 1038 quia

405 1060 594 1111 ignorant
615 1057 722 1111 quod
743 1056 981 1097 recedentes
998 1057 1157 1096 animae
1185 1071 1207 1096 a
1228 1055 1307 1096 fide
1326 1055 1477 1096 Christi
1499 1056 1652 1098 domini
1675 1053 1834 1095 deditas
1856 1055 1938 1094 iam

406 1140 448 1166 se
471 1127 671 1180 impietati
693 1125 868 1176 faciunt,
890 1128 1009 1178 atque
1033 1126 1069 1164 ei
1091 1125 1200 1165 omni
1223 1137 1265 1163 sc
1288 1123 1421 1164 studio
1444 1123 1684 1172 subiiciunt3
1713 1123 1808 1176 quia
1828 1121 1937 1162 arbi-

406 1195 473 1234 trii
494 1196 555 1235 5111
573 1198 635 1234 051
652 1195 784 1235 omnis
805 1193 924 1234 homo
934 1191 957 1244 f,
979 1192 1086 1245 quod
1105 1192 1201 1233 velit
1217 1195 1261 1231 111
1278 1191 1401 1244 eligat
1416 1191 1548 1232 facere
1565 1192 1827 1245 permittente
1849 1189 1937 1230 deo.

406 1263 487 1304 Sed
518 1264 612 1316 quia
641 1263 835 1302 recessitg
863 1276 886 1301 a
914 1261 1099 1312 domino,
1130 1264 1174 1300 ut
1196 1259 1431 1300 immundus
1454 1261 1622 1314 spiritus
1644 1260 1725 1300 iam
1746 1260 1783 1299 ei
1806 1258 1938 1300 domi-

496 1335 575 1380 Cap.
593 1334 720 1368 XXVI.
743 1337 776 1366 iu
801 1335 873 1366 abc.
899 1336 1094 1377 inscriptum
1117 1333 1217 1365 habet
1239 1332 1289 1364 Dr:
1313 1343 1526 1365 Prrnomssa
1550 1331 1771 1375 (Pm'romssa
1789 1330 1853 1374 ab.)
1878 1342 1939 1363 MV-

406 1393 506 1415 ussm:
526 1392 690 1414 imi-:ausis
704 1390 977 1413 svpaizsrmosix.
996 1400 1037 1403 —
1066 1378 1091 1411 l.
1110 1377 1304 1411 Pliitonissa
1319 1377 1403 1410 Bab.
1429 1377 1458 1410 ⁶2.
1472 1388 1509 1410 se
1523 1377 1755 1421 cooperientes
1769 1377 1797 1408 b.
1823 1375 1853 1409 3.
1866 1387 1940 1409 mu-

405 1428 524 1460 lierum
543 1427 570 1459 ὁ.
595 1426 625 1459 4.
644 1425 872 1458 Phitonissam
892 1425 976 1457 Bab.
1007 1424 1037 1457 5.
1056 1423 1156 1467 idque
1174 1436 1241 1466 eyn.
1260 1427 1360 1467 atque
1379 1423 1458 1455 mm·
1473 1434 1590 1455 omne-3.
1616 1422 1645 1455 6.
1669 1423 1749 1467 quia
1766 1432 1852 1466 quae
1869 1432 1938 1464 ⁶90·

407 1483 559 1518 quaeque
577 1472 656 1504 libre·
672 1484 787 1503 omnes.
821 1470 849 1503 7.
869 1470 965 1503 (1010.
993 1469 1023 1502 S.
1048 1469 1209 1513 cognosci
1227 1482 1254 1501 (,·.
1286 1468 1462 1501 9.(101111111
1486 1471 1573 1509 511111,
1598 1471 1631 1500 01
1653 1468 1681 1500 Ι).
1718 1467 1767 1500 10.
1792 1466 1859 1499 Sed
1884 1478 1940 1499 ea-

402 1519 559 1562 piemlttm
584 1522 630 1549 est
653 1523 688 1548 ut
711 1517 915 1549 Graecorum
946 1513 1045 1555 ἀλλὰ,
1070 1516 1337 1558 quemadmodum
1360 1525 1475 1546 rur-sus
1496 1515 1600 1557 infra.
1639 1512 1707 1546 Sed
1720 1518 1855 1556 utroque
1872 1512 1941 1545 loeo

399 1564 573 1607 facillima
592 1574 693 1607 opera
713 1563 927 1605 rescripseris
943 1560 1089 1593 Scilicet.

406 1626 578 1659 colebant:
608 1625 755 1658 formula
784 1623 945 1668 loquendi
967 1621 1113 1655 Philastr
1128 1636 1146 1655 o

406 1682 571 1717 perquam
587 1670 776 1704 familiaris.
801 1670 855 1702 Sic
870 1679 943 1713 cap.
960 1669 1009 1701 14.
1030 1665 1148 1707 „idola

409 1719 514 1750 colere
529 1730 589 1749 11011
604 1715 827 1749 (lesinelnmt.”
841 1726 914 1759 cap.
929 1714 978 1747 16.
998 1714 1139 1753 „Achab

409 1769 439 1796 et
454 1763 617 1795 Hc‘esabel
640 1774 721 1793 uxor
747 1764 815 1793 eius·
834 1761 884 1792 ille?
908 1761 994 1792 idolo
1011 1762 1142 1803 sacrefi—

410 1820 490 1841 (τινε
508 1820 569 1841 non
594 1805 810 1840 desinerent.”
834 1816 862 1837 C.
881 1804 934 1838 23.
958 1805 1126 1849 „Impieta

410 1860 530 1897 temque
545 1854 716 1896 yentz'lz'um
734 1852 874 1883 colentes
898 1853 928 1882 ei
952 1853 1071 1894 offerre
1087 1864 1141 1883 sa-

411 1901 542 1943 (Ἰῇὶσιά
561 1911 621 1930 nou
641 1896 862 1930 rlesinebant.'‘
909 1895 984 1936 (F.)

455 1944 535 1989 Cap.
552 1943 679 1977 XXVI.
705 1961 747 1966 -
779 1952 808 1974 a.
835 1941 1066 1986 cooperientes
1088 1952 1142 1974 ve-

410 1989 577 2024 stimentis
594 1989 785 2030 mulierem]
810 1987 901 2020 Male
922 1987 1051 2031 accepit
1067 1986 1143 2020 Phi-

410 2037 513 2070 laster
541 2034 630 2079 quod
657 2034 683 2066 1.
708 2033 800 2066 Sam.
824 2031 983 2066 XXVIII.
1007 2032 1143 2075 legitur,

412 2081 554 2115 Sauluin
572 2079 787 2124 cooperuisse
805 2089 850 2119 50,
874 2080 907 2110 01
925 2078 1064 2110 mutatis
1088 2089 1143 2110 ve-

411 2126 579 2160 stimentis
597 2126 702 2158 alium
719 2135 755 2157 se
772 2123 962 2156 simulasse.
1010 2122 1084 2163 (F.)

455 2173 488 2205 b.
535 2182 635 2216 posse
666 2169 843 2213 consequi]
882 2168 1019 2201 Plenius
1051 2171 1139 2201 erat:

410 2230 505 2263 posse
526 2229 560 2249 30
577 2218 737 2259 consequi.
768 2215 810 2248 Et
824 2214 970 2247 fortasse
985 2213 1142 2246 librarius

413 2263 583 2308 syllabam
613 2261 757 2295 eandem
782 2269 868 2304 quae
892 2258 1063 2304 praecedit
1093 2270 1129 2292 re

411 2312 526 2355 petere
542 2307 705 2351 neglexit.
752 2305 827 2346 (F.)

458 2365 486 2387 0.
511 2353 609 2398 quasi
637 2353 668 2386 ei
688 2352 812 2384 iterum
831 2359 997 2394 responsa
1017 2349 1145 2382 dixisse

414 2399 577 2444 cognosci
592 2399 686 2440 vera]
713 2396 809 2430 Sicut
829 2395 882 2428 dei
894 2405 1058 2439 responsa
1071 2406 1146 2428 esse

414 2444 732 2489 comprobabantur,
756 2452 842 2486 quae
859 2440 998 2474 Samuel
1014 2440 1146 2484 spirans

415 2490 524 2524 adhuc
542 2489 639 2522 Sauli
657 2488 798 2521 dixerat.
837 2486 877 2519 In
892 2486 1061 2530 prioribus
1079 2485 1146 2518 edi-

414 2536 565 2570 tionibus
589 2535 684 2567 locus
707 2532 762 2566 hic
792 2534 964 2576 corrupte,
996 2534 1034 2563 ut
1064 2529 1148 2563 mihi

417 2581 554 2627 quidem
568 2579 716 2619 videtur,
732 2578 911 2622 legebatur
933 2577 997 2609 sic:
1033 2578 1149 2619 „quasi

417 2630 448 2660 ei
470 2629 587 2660 iterum
610 2635 771 2669 responsa
796 2624 919 2656 dixisse
941 2624 1149 2665 coquo-scitur

418 2672 529 2706 verass'
577 2670 651 2712 (F.)

463 2718 493 2750 d.
518 2727 596 2750 cum
616 2713 783 2760 propheta
804 2713 906 2756 dicat]
942 2712 1056 2746 Verba
1072 2714 1153 2745 sunt

418 2764 454 2798 in
471 2761 665 2807 Sapientiae
680 2760 767 2793 libro
785 2769 812 2792 c.
829 2758 886 2791 HI.
906 2758 934 2790 1.
958 2757 1053 2790 cuius
1075 2757 1153 2790 libri

419 2812 595 2842 auctorem
615 2804 815 2851 prophetam
830 2806 955 2837 vocant
975 2803 1078 2835 etiam
1094 2802 1153 2835 alii

419 2857 549 2887 veteres
565 2853 653 2886 bene
675 2850 790 2891 multi,
814 2852 853 2882 ut
872 2847 1007 2882 Lucifer
1023 2847 1150 2881 Galari-

420 2903 521 2932 tanus
547 2909 591 2932 ex
613 2897 671 2930 illo
694 2895 785 2929 hunc
807 2895 922 2939 ipsum
944 2894 1059 2927 locmn
1074 2904 1150 2937 pro-

419 2944 532 2977 ferens
548 2955 581 2989 p.
602 2941 674 2976 194.
707 2952 783 2981 „ore
804 2939 989 2972 Salomonis
1003 2939 1151 2983 Spiritus

422 2989 454 3022 S.
466 2989 577 3029 dicit?
586 2999 683 3021 mox:
703 2986 821 3027 „Dicit
834 2987 1006 3028 scriptura
1015 2984 1149 3024 sacra,”

423 3038 524 3080 atque
544 3034 669 3069 iterum
687 3043 721 3078 p.
740 3030 812 3066 195.
830 3031 1007 3075 „loquitum
1029 3029 1149 3074 inquit,

1216 1635 1272 1655 ore
1284 1621 1469 1666 prophetae
1491 1621 1638 1665 Spiritus
1660 1619 1713 1653 S.''
1751 1619 1948 1654 Doctissimi

1217 1669 1340 1712 quique
1356 1671 1471 1700 tamen
1487 1678 1565 1700 cum
1582 1666 1616 1699 S.
1633 1665 1857 1710 Hieronymo,
1879 1664 1948 1698 Au-

1216 1714 1371 1757 gustino,
1388 1712 1548 1753 Eusebio,
1574 1715 1608 1745 et
1623 1711 1752 1745 Basilio
1767 1711 1814 1744 M.
1832 1710 1889 1751 (ne
1906 1710 1947 1743 de

1216 1759 1350 1792 Iudaeis
1368 1758 1487 1798 dicam)
1506 1761 1539 1790 et
1555 1757 1767 1790 aSalomone
1785 1759 1818 1789 et
1834 1766 1854 1789 a
1869 1767 1945 1800 pro-

1216 1803 1319 1849 pheta
1341 1803 1504 1848 scriptum
1526 1806 1704 1847 negarunt.
1735 1801 1799 1835 Pro
1816 1801 1945 1834 verbis:

1218 1853 1272 1889 „iti
1302 1861 1399 1882 manu
1432 1850 1571 1888 domini,
1603 1854 1634 1880 et
1667 1860 1730 1880 non
1758 1849 1868 1890 tanyt't
1894 1858 1946 1879 eos

1214 1895 1330 1934 'nunus-J
1347 1895 1381 1927 in
1398 1893 1526 1927 Graeco
1541 1897 1606 1927 est:
1628 1891 1677 1935 ,ἐν
1694 1891 1775 1937 χειρὶ
1794 1891 1877 1935 θεοῦ,
1894 1891 1946 1924 καὶ

1214 1940 1250 1973 οὐ
1272 1939 1314 1985 μὴ
1333 1938 1450 1985 ἅψηται
1467 1937 1570 1971 ἀυτῶν
1592 1936 1760 1983 βάσανος,”
1778 1937 1868 1982 apud
1880 1936 1946 1970 Lu-

1215 1986 1370 2026 ciforum,
1390 1990 1600 2025 „tormentum
1617 1983 1799 2016 malitiae.‘'
1847 1982 1922 2024 (F.)

1273 2043 1300 2064 e.
1335 2030 1510 2071 Quomodo
1540 2030 1654 2074 itaque
1683 2029 1798 2061 anima
1824 2028 1944 2072 impia]

1213 2076 1369 2111 Solidum
1402 2078 1643 2120 argumentum
1682 2085 1748 2118 quo
1780 2072 1948 2106 Philaster

1212 2123 1334 2167 probat
1360 2133 1428 2155 11011
1457 2121 1563 2154 fuisse
1590 2130 1709 2153 verum
1737 2118 1945 2160 Samuelem,

1211 2179 1312 2212 quem
1326 2166 1571 2211 sagaEndorea
1582 2166 1617 2198 in
1630 2167 1852 2209 conspectum
1862 2163 1946 2197 Sau—

1212 2215 1252 2246 lis
1270 2213 1440 2257 produxit.
1476 2211 1603 2245 Eodem
1620 2212 1822 2254 argumento
1840 2210 1947 2242 utitur

1212 2258 1440 2292 Tertullianus
1464 2268 1492 2290 c.
1510 2256 1562 2290 57.
1586 2256 1626 2289 de
1646 2255 1786 2296 Anima,
1817 2253 1946 2299 Grego-

1213 2305 1282 2338 rius
1293 2303 1469 2347 Nyssenus
1481 2301 1634 2347 Epistola
1650 2300 1693 2333 ad
1704 2299 1946 2341 Theodosium,

1215 2350 1337 2394 aliique
1355 2359 1500 2394 quorum
1515 2348 1590 2380 loca
1600 2345 1763 2391 produxit
1773 2345 1842 2378 Leo
1856 2345 1947 2378 Alla-

1214 2396 1281 2428 tius
1299 2394 1479 2439 Syntagm.
1496 2392 1536 2426 de
1552 2389 1833 2436 Engastrimytho
1851 2401 1879 2424 c.
1896 2390 1947 2424 10.

1215 2451 1285 2485 seq.
1333 2440 1407 2481 (F.)

1265 2485 1288 2518 f.
1314 2484 1445 2518 arbitrii
1457 2483 1511 2517 sui
1522 2486 1575 2516 est
1588 2481 1697 2515 omnis
1710 2480 1829 2523 homo]
1848 2479 1947 2514 Com-

1215 2531 1328 2564 munis
1351 2530 1434 2564 haec
1456 2528 1608 2562 doctrina
1631 2526 1839 2560 Graecorum
1858 2525 1948 2559 Lati-

1216 2587 1406 2620 norumque
1439 2574 1641 2618 scriptorum
1674 2575 1752 2605 ante
1784 2571 1948 2616 Augusti-

1216 2633 1309 2663 num,
1326 2622 1373 2654 ita
1389 2624 1504 2653 tamen
1519 2622 1558 2652 ut
1569 2618 1755 2651 faterentur
1768 2627 1847 2650 cum
1868 2627 1948 2661 apo-

1219 2667 1306 2700 stolo
1331 2667 1433 2700 deum
1449 2675 1523 2699 esse
1541 2663 1598 2708 qui
1615 2663 1671 2696 det
1688 2662 1772 2696 velle
1794 2673 1833 2695 ac
1849 2661 1949 2706 perfi-

1220 2723 1304 2745 cere.
1336 2712 1371 2745 S.
1388 2711 1613 2753 Hieronymus
1637 2710 1767 2753 quaest.
1789 2707 1891 2741 Hebr.
1913 2707 1950 2741 in

1222 2757 1344 2791 Genes.
1361 2757 1416 2791 IV.
1435 2756 1464 2789 6.
1483 2766 1613 2795 „verum
1635 2755 1714 2797 quia
1738 2753 1836 2786 liberi
1858 2753 1950 2786 arbi—

1221 2805 1279 2835 trii
1295 2815 1338 2843 es,
1355 2813 1465 2835 moneo
1481 2806 1517 2833 ut
1532 2811 1594 2832 non
1611 2799 1672 2831 tibi
1682 2803 1875 2842 peccatum,
1892 2799 1952 2830 sed

1220 2854 1253 2879 tu
1265 2853 1407 2891 peccato
1426 2844 1632 2880 domineris.”
1667 2842 1820 2887 Respicit
1835 2846 1950 2876 autem

1216 2892 1383 2926 Philaster
1398 2892 1501 2926 verba
1516 2888 1709 2924 Sirachidae
1721 2888 1797 2923 XV.
1814 2887 1864 2922 14.
1877 2898 1948 2932 seq.

1219 2938 1359 2980 (Fabr.)

1263 2993 1295 3027 g.
1321 2983 1388 3017 Sed
1405 2982 1485 3027 quia
1498 2980 1638 3014 recessit
1653 2990 1673 3012 a
1685 2978 1837 3022 domino]
1866 2977 1950 3012 Saul

1218 3029 1388 3071 nimirum,
1405 3039 1486 3062 nam
1502 3026 1542 3060 de
1559 3037 1598 3061 eo
1615 3035 1726 3060 sermo
1744 3027 1805 3059 est.
1852 3023 1926 3066 (F.)
