2052 3342
120 618 184 651 Cap.
205 618 332 644 xxxin.

124 891 189 923 Cap.
209 891 333 916 xxxiv.

137 1856 202 1888 Cap.
222 1856 331 1882 XXXV.

361 167 440 207 296
934 164 1081 190 PSEUDO
1090 165 1318 192 -HOERONYMI

359 267 424 308 ³in
447 268 653 308 dementia
669 271 944 321 assequuntur
965 270 1179 310 insaniam.
1202 269 1331 310 4Nam
1347 284 1483 312 amore
1500 273 1678 313 nominis
1695 271 1895 325 martyrii,

361 341 401 376 et
422 335 553 375 laudis
575 334 776 376 humanae
798 337 927 389 magis
949 350 1070 390 quam
1094 338 1275 378 caritatis
1297 337 1448 379 Christi
1471 340 1621 394 cupidi,
1650 341 1892 394 semetipsos

360 403 566 444 interdum
587 405 769 444 oratione
791 404 902 444 sacta
923 409 991 445 aut
1015 405 1251 460 praecipitio
1275 410 1341 446 aut
1363 407 1554 448 incendio
1575 413 1658 461 aut,
1685 408 1809 449 ⁵alios
1840 408 1897 448 ad

360 473 422 512 sui
453 485 597 512 necem
626 473 870 524 invitantes,
900 472 1033 526 gladio
1064 475 1290 527 perimunt,
1320 488 1397 528 quo
1425 475 1624 517 violenter
1646 490 1695 517 ex
1715 475 1790 517 hac
1813 477 1897 517 vita

359 539 646 580 6discedentes
669 547 869 594 martyres
892 540 1188 583 ‘nominentun

443 608 721 649 Novatianus³
748 609 901 650 Romae
924 609 1037 650 urbis
1059 610 1273 665 presbyter
1295 615 1334 651 01
1355 611 1550 653 adversus
1573 612 1806 655 Cornelium
1827 627 1894 655 ca-

359 676 546 717 thedram
568 677 864 718 sacerdotalem
894 683 1064 719 conatus
1094 679 1286 720 invadere
1317 679 1639 721 Novatianorum
1667 680 1812 735 dogma
1831 683 1895 722 in-

358 746 493 797 struit,
516 745 660 786 nolens
682 750 891 800 apostatas
919 748 1142 801 suscipere,
1170 752 1209 787 et
1233 748 1446 802 baptizans
1475 748 1715 803 baptizatos.
1765 750 1896 791 Huius

358 817 501 854 auctor
523 813 725 854 1Νο131113
746 813 822 853 sub
845 814 1046 869 Cypriane
1069 815 1284 869 presbyter
1306 816 1392 857 suit.

440 881 677 923 Montenses
699 882 896 923 haeretici
917 884 1093 923 maxime
1115 885 1158 923 in
1178 883 1289 925 L'rbe
1320 888 1427 926 sunt.
1477 885 1531 926 Hi
1550 889 1733 941 tempore
1755 899 1895 941 perse-

359 951 534 990 cutionis
558 964 649 991 cum
673 952 888 1005 scripturis
916 952 959 991 in
980 952 1190 993 montibus
1222 952 1464 993 latuerunta.
1516 953 1686 1003 Quando
1714 955 1758 995 111
1784 954 1895 997 Urbe

359 1022 489 1069 erant,
511 1019 689 1072 primum
718 1020 955 1073 passionum
977 1020 1190 1074 suppliciis
1220 1021 1504 1074 ¹restiterunt,
1535 1021 1630 1063 dein
1659 1026 1896 1064 constantes

359 1088 400 1126 in
422 1088 630 1140 proposito
647 1085 757 1127 ²²cum
775 1092 1084 1128 contemnerent
1103 1088 1306 1143 supplicia
1321 1091 1573 1144 passionum,
1594 1090 1766 1132 artificio
1782 1096 1895 1133 astu-

358 1155 437 1194 tiae
459 1168 531 1208 per
553 1168 732 1209 paganos
756 1155 912 1195 iudices
935 1154 998 1196 his
1020 1158 1218 1197 securitas
1240 1157 1438 1198 attributa
1459 1161 1545 1210 est,
1574 1161 1619 1199 ut
1645 1158 1688 1200 in
1709 1159 1896 1201 ecclesiis

358 1226 545 1275 agerent,
568 1237 612 1263 ac
637 1223 725 1274 deo,
757 1223 864 1264 sicut
885 1229 1204 1278 consueverunt,
1227 1225 1491 1268 deservirent.
1541 1226 1700 1269 Dehinc
1727 1232 1895 1283 repente

358 1292 512 1331 invasis
535 1290 720 1331 ecclesiis
743 1293 968 1346 scripturae
990 1293 1041 1333 ab
1065 1292 1240 1334 ethnicis
1262 1294 1583 1349 comprehensae
1611 1299 1722 1349 sunt,
1748 1295 1895 1338 330311--

357 1359 565 1399 mantibus
589 1359 695 1413 quod
718 1360 878 1401 facilius
901 1361 951 1401 ad
973 1360 1097 1402 fidem
1113 1367 1319 1403 verterent
1337 1363 1604 1416 Christianos,
1625 1365 1660 1405 si
1680 1364 1731 1406 ab
1747 1364 1897 1407 iisdem

358 1441 568 1468 sacrarum
585 1428 881 1483 scripturarum
896 1429 1103 1484 praesidia
1120 1431 1399 1473 sustulissent.
1431 1432 1547 1473 Hanc
1571 1434 1686 1486 quasi
1707 1433 1895 1475 traditio-

357 1510 452 1537 nem
475 1498 773 1551 scripturarum
800 1497 856 1538 431
881 1499 948 1551 qui
971 1498 1216 1540 habitabant
1237 1491 1511 1541 inmontihus
1532 1500 1896 1556 50111111113113111111,

358 1578 404 1605 30
433 1577 476 1605 se
506 1578 529 1604 a
557 1564 781 1606 catholicae
811 1565 1010 1607 ecclesiae
1041 1582 1207 1623 corpore
1238 1568 1478 1611 diviserunt.
1528 1569 1582 1610 Hi
1603 1583 1780 1624 namque
1803 1584 1897 1612 cum

358 1633 516 1674 duabus
539 1635 808 1688 suprapositis
831 1634 1070 1677 haeresibus
1092 1636 1260 1677 faciunt.
1310 1636 1416 1678 Nam
1445 1638 1489 1678 in
1511 1636 1702 1694 doctrina,
1718 1652 1792 1680 sua
1810 1638 1894 1681 Do-

356 1702 618 1742 natianorum
641 1701 787 1755 dogma
808 1705 1050 1758 suscipiunt.
1101 1705 1148 1745 In
1178 1705 1420 1760 respuendis
1448 1719 1543 1747 vero
1572 1707 1896 1761 paenitentibus,

356 1769 498 1811 ultimo
511 1771 554 1811 in
566 1770 870 1825 rebaptizandis
883 1772 1117 1827 baptizatis,
1130 1773 1451 1815 Novatianorum
1464 1778 1692 1828 sequuntur
1703 1788 1893 1818 errorem.

440 1838 709 1880 ¹Arianorum
730 1839 911 1880 haeresis
934 1838 1080 1882 2Arius
1103 1846 1244 1883 auctor
1264 1842 1354 1882 suit.
1403 1842 1480 1883 Hic
1501 1842 1675 1897 profano
1698 1842 1894 1899 eloquen—

354 1907 435 1947 tiae
477 1920 571 1947 suae
614 1907 762 1962 spiritu
802 1907 945 1949 doctus
990 1908 1173 1951 adseruit
1210 1924 1293 1951 non
1329 1910 1630 1952 coaeternalem
1665 1925 1754 1953 esse
1788 1914 1896 1968 patri

356 1975 498 2015 filium.
529 1974 588 2016 De
610 1975 686 2016 hoc
710 1975 829 2017 dicit:
851 1976 947 2018 Erat
969 1978 1132 2032 quando
1149 1992 1233 2020 non
1254 1982 1354 2032 erat,
1376 1992 1426 2020 ex
1447 1977 1571 2020 nullis
1593 1979 1726 2022 factus
1748 1985 1894 2022 extan-

354 2044 480 2097 tibus,
501 2042 544 2084 id
565 2047 628 2084 est
649 2058 698 2084 ex
719 2043 861 2086 nihilo.

420 2166 451 2200 3.
468 2167 504 2200 in
521 2167 691 2200 dementia
707 2171 936 2212 assequuntur
952 2170 1124 2204 insaniam
1141 2183 1209 2214 090.
1226 2171 1436 2205 inclementia
1451 2175 1643 2216 sequuntur
1657 2172 1794 2206 insania
1805 2173 1893 2207 Men.

353 2213 389 2246 in
406 2212 577 2246 dementia
593 2218 783 2257 sequuntur
799 2215 912 2248 insani
930 2215 1066 2249 Cotelcr.
1081 2218 1102 2250 l.
1117 2218 1138 2250 l.
1209 2216 1239 2249 4.
1257 2216 1346 2250 Nam
1363 2227 1477 2251 amore
1497 2217 1635 2251 coteler.
1652 2219 1672 2251 l.
1687 2219 1708 2253 ί.
1732 2218 1821 2252 Ν3111
1836 2223 1895 2253 aut

352 2269 465 2299 more,
488 2268 602 2291 amore
625 2259 712 2291 Men.
805 2259 836 2292 5.
861 2261 946 2294 alios
970 2261 1012 2294 ad
1036 2262 1090 2295 sui
1116 2262 1252 2296 C'oteler.
1274 2264 1294 2296 l.
1316 2263 1336 2296 l.
1362 2263 1448 2296 alios
1473 2263 1528 2296 sui
1542 2262 1630 2297 Men.
1701 2262 1732 2298 6.
1755 2263 1893 2298 (1030011-

354 2303 472 2336 dentes
490 2303 577 2337 31οη.
649 2303 679 2338 7.
697 2305 917 2338 nominantur
933 2306 1021 2341 Men.

420 2348 500 2393 Cap.
517 2348 683 2383 XXXIII.
701 2370 743 2374 —
763 2351 790 2383 1.
808 2350 962 2384 Novatus
980 2353 1044 2386 sub
1063 2351 1233 2397 Cypriano
1253 2366 1321 2396 eqo.
1339 2353 1493 2387 Novatus
1511 2353 1681 2398 Cypriane
1697 2354 1785 2388 Men.

421 2394 502 2439 Cap.
520 2394 684 2427 XXXIV.
701 2415 745 2420 —
764 2396 791 2429 1.
809 2397 1031 2430 restituerunt
1046 2398 1134 2431 Men.
1218 2398 1248 2432 ·2.
1269 2410 1346 2432 cum
1363 2402 1620 2432 contemnerent
1638 2399 1774 2433 coteler.
1790 2401 1810 2434 l.
1825 2401 1846 2435 l.
1856 2413 1892 2445 p.

354 2439 430 2473 789.
449 2443 705 2473 contemnerent
727 2441 816 2475 Jlen.
901 2441 932 2476 3.
950 2443 1210 2476 aestimantibus
1235 2444 1326 2488 quod
1352 2443 1488 2479 Coteler.
1503 2445 1524 2478 l.
1538 2445 1559 2478 l.
1584 2445 1803 2480 aestimantes
1826 2456 1892 2490 quo

354 2485 442 2518 Men.
517 2485 548 2519 4.
565 2484 601 2518 hi
619 2486 676 2529 qui
695 2485 832 2519 Coteler.
846 2487 867 2519 l.
882 2488 902 2519 l.
972 2487 1002 2519 5.
1022 2489 1245 2522 criminantur
1262 2490 1350 2523 Men.

421 2530 502 2575 Cap.
519 2530 668 2565 XXXV.
688 2552 730 2556 —
750 2532 777 2564 1.
796 2531 1017 2566 Arrianorum
1034 2533 1122 2569 Men,
1194 2534 1224 2569 ⁶2.
1244 2535 1361 2568 Arrius
1379 2534 1467 2569 Men.

352 2656 391 2678 eo
410 2643 501 2688 quod
517 2648 671 2689 agrestes
689 2650 786 2686 311111,
810 2656 895 2690 quos
912 2645 1087 2690 Cotopitas
1158 2648 1363 2682 cerdotalem
1384 2650 1527 2682 conatus
1550 2648 1710 2682 invadere
1723 2648 1892 2682 haeresim

352 2693 491 2730 vocant,
516 2690 732 2735 supradictae
756 2690 907 2724 haeresis
924 2690 1087 2725 habentes
1156 2694 1319 2735 instituit,
1342 2695 1463 2727 nolens
1479 2697 1653 2738 apostatas
1668 2694 1834 2738 recipere,
1858 2699 1893 2728 et

352 2735 554 2769 doctrinam.
591 2735 634 2768 Hi
658 2746 772 2769 amore
789 2737 945 2781 martyrii
967 2741 1089 2770 semet·
1157 2739 1372 2783 rebaptizans
1389 2739 1611 2784 baptizatos.”

350 2781 443 2824 ipsos
460 2781 642 2824 perimunt,
659 2785 696 2828 ut
711 2782 877 2815 violenter
890 2782 930 2815 de
942 2782 1005 2815 hac
1018 2783 1089 2816 vita
1203 2784 1284 2828 Cap.
1301 2785 1466 2819 XXXIV.
1488 2805 1532 2809 —
1555 2795 1585 2817 a.
1601 2784 1637 2817 in
1651 2783 1827 2817 montibus
1844 2784 1890 2818 la-

351 2825 562 2859 discedentes
578 2830 746 2870 martyres
762 2828 1014 2862 nominentur.”
1157 2829 1307 2874 tuerunt]
1347 2830 1465 2863 Isidor.
1495 2829 1613 2873 Origg.
1641 2828 1746 2869 VEL,
1773 2829 1812 2870 5,
1835 2829 1889 2864 35.

396 2870 443 2904 Ca
470 2897 477 2903 .
494 2871 658 2904 XXXIII.
674 2892 717 2896 —
730 2882 760 2906 a.
774 2871 1002 2916 Novatianus]
1026 2873 1088 2906 Isi·
1159 2875 1334 2913 „Montani
1349 2874 1510 2908 haeretici
1532 2873 1612 2907 dicti
1635 2873 1725 2917 quod
1747 2874 1784 2906 in
1805 2878 1889 2908 tem-

351 2915 420 2949 dor.
468 2916 556 2960 rigg.
574 2916 678 2957 VEL,
700 2916 736 2958 5,
761 2916 815 2950 34.
850 2917 1052 2958 „Novatiani
1068 2929 1088 2951 a
1154 2931 1237 2964 pore
1245 2921 1491 2964 persecutionis
1507 2919 1728 2952 inmontibus
1740 2919 1888 2960 latuere;

350 2960 482 2995 Novato
499 2961 593 2995 urbis
610 2961 741 2995 Romae
753 2963 951 3006 presbytero
966 2964 1087 3005 exorti,
1157 2975 1225 3008 qua
1241 2966 1419 2998 occasione
1435 2976 1472 2998 se
1489 2962 1710 2999 acatholicae
1726 2964 1889 2998 ecclesiae

351 3005 410 3048 qui
425 3006 586 3040 adversus
605 3006 801 3041 Cornelium
823 3007 1018 3042 cathedram
1035 3019 1087 3042 sa·
1156 3020 1296 3054 corpore
1312 3008 1530 3043 diviserunt.”
