2052 3342
122 745 187 777 Cnp.
208 745 347 769 xxxx‘ll.

371 236 424 277 42

1041 230 1238 258 PHILASTRI

373 338 565 380 ditionis⁰
587 338 820 388 commovit,
841 335 982 376 (licens
999 335 1146 376 debere
1164 334 1402 376 circumcidi
1425 333 1626 388 homines,
1648 336 1763 376 cuius
1781 347 1905 376 causa

373 411 514 449 contra
534 406 649 446 illum
677 410 717 445 et
744 405 946 445 haeresim
974 405 1061 443 eius
1084 403 1354 444 decreverunt
1373 404 1441 443 9111
1463 404 1548 444 suis
1568 403 1744 445 Actibus
1767 402 1903 457 1011ρο-

372 475 465 515 stoli
486 475 781 525 sententiamv,
809 486 890 513 non
924 471 1071 512 debere
1102 473 1182 512 iam
1211 472 1398 512 homines
1419 470 1650 523 Iudaismo,
1678 471 1720 512 id
1741 474 1804 512 est
1824 471 1904 512 cir-

373 543 626 594 cumcisioni,
648 541 820 594 aliisque
842 540 994 580 talibus
1017 542 1322 595 superstitionis
1344 553 1472 581 vanae
1495 552 1636 594 parere
1659 538 1905 590 carnalibus,

373 612 441 664 qui
459 610 507 650 de
524 609 715 663 gentibus
733 611 946 650 venientes
965 608 1189 649 credebant
1207 610 1246 649 in
1266 608 1474 649 Christum
1492 607 1703 650 (lominum
1720 611 1907 650 nostrum

373 678 628 720 salvatorem.

454 746 613 788 Hebion
637 744 861 800 discipulus
881 745 1124 798 ι(Ἲοι·1111111“,
1146 747 1188 787 111
1206 744 1345 786 multis
1368 746 1404 786 ei
1426 743 1642 787 similiterb
1663 757 1803 787 errans
1824 742 1905 786 sal-

461 860 492 892 9.
511 858 550 892 de
569 859 597 891 b.
635 858 682 892 10.
701 859 791 892 beati
808 869 826 891 a
840 859 954 892 mostoli
971 859 1013 891 A.

462 905 542 950 Cap.
560 903 738 938 XXXVII.
765 906 797 936 in
831 905 912 937 ἰαῦ(-
931 907 1124 949 inscription
1144 910 1190 937 est
1206 903 1351 937 IIEmON.
1371 922 1412 926 —
1442 903 1469 936 l.
1488 898 1661 937 Chersnlhi
1678 903 1706 936 b.

372 1018 468 1052 Unde
490 1022 604 1052 autem
628 1017 691 1051 hoc
714 1018 755 1051 de
773 1018 931 1052 Cerintho
955 1017 1107 1051 hauserit

371 1064 587 1105 Philastrius,
615 1075 684 1097 non
705 1068 856 1104 constat,
881 1075 959 1097 nam
982 1064 1016 1097 in
1039 1063 1105 1097 lre-

372 1120 457 1143 naeo
475 1114 508 1143 et
520 1108 708 1154 Epiphanio
726 1109 806 1142 illud
825 1120 891 1142 non
908 1110 1012 1153 legas.
1030 1109 1104 1149 (lv'.)

429 1166 459 1187 o.
490 1155 724 1199 quaestionem
752 1155 942 1197 seditionis]
983 1154 1105 1187 Narrat

372 1199 581 1245 Epiphanius
598 1200 764 1244 triplicem
788 1199 933 1245 ταραχὴν
957 1200 1028 1233 sive
1053 1210 1103 1233 se-

373 1246 535 1279 ditionem
560 1245 599 1278 de
632 1246 887 1278 circumcisione
916 1246 1104 1289 ritibusque

372 1291 516 1327 Iudaicis
540 1291 714 1324 servandis
738 1296 867 1324 motam
892 1301 911 1324 a
935 1290 1105 1331 Cerintho,

372 1340 555 1381 antequam
572 1346 669 1369 suam
687 1337 721 1369 in
740 1337 819 1369 Asia
841 1336 994 1369 haeresin
1014 1346 1104 1380 spar-

373 1386 482 1427 geret:
500 1392 603 1415 unani
622 1382 756 1425 quidem
771 1382 976 1426 perturbatis
990 1381 1105 1414 Antio-

373 1428 499 1468 chenis,
517 1427 559 1460 ad
576 1438 660 1471 quos
678 1427 819 1460 Iacobus
837 1432 869 1459 et
882 1427 1003 1459 caeteri
1017 1427 1104 1470 Apo-

372 1474 450 1507 stoli
467 1473 709 1517 rescripserunt
728 1473 839 1505 Actor.
857 1472 1006 1512 XV.24.‚
1023 1473 1104 1505 alte-

373 1530 446 1552 ram
463 1518 727 1562 Hierosolymis,
752 1529 828 1551 cum
846 1517 963 1551 Petrus
988 1528 1007 1550 a
1025 1518 1105 1551 Cor-

372 1565 461 1597 nelio
475 1574 630 1597 reversus
644 1568 733 1597 esset
745 1564 983 1607 Hierosolyma
994 1563 1106 1596 Actor.

372 1610 433 1644 XI.
451 1609 481 1642 2.
499 1609 530 1642 3.
563 1609 711 1642 Tertiam
729 1609 844 1642 itidem
862 1609 1106 1652 Hierosolymis

373 1655 534 1689 adversus
550 1654 691 1688 Paulum
709 1655 821 1687 Actor.
834 1654 930 1687 XXI.
949 1654 1001 1686 28.
1028 1654 1107 1687 Eas-

373 1702 450 1733 ‹lem
484 1704 552 1733 tres
584 1699 727 1744 ταραχὰς
760 1699 918 1733 Cerintho
950 1700 1108 1744 impingit

372 1745 570 1780 Timotheus
586 1746 697 1790 presb.
744 1745 819 1786 (F.)

417 1803 450 1836 p.
475 1791 693 1824 decreverunt
716 1791 750 1823 in
775 1791 845 1823 suis
863 1790 1001 1824 Actibus
1027 1801 1107 1835 apo-

374 1837 466 1879 stoli]
492 1836 589 1869 Petro
608 1840 641 1869 et
657 1835 780 1869 Iacobo
798 1836 1040 1880 praeeuntibus
1058 1837 1106 1869 iu-

374 1883 524 1915 dicantes
551 1881 613 1926 ,μὴ
638 1881 849 1926 παρενογλεῗν
874 1883 939 1919 τοῖς
964 1879 1025 1913 ἀπὸ
1043 1883 1107 1913 τῶν

374 1926 472 1960 ἐθνῶν
489 1926 727 1971 ἐπιστρέφουσιν
745 1922 794 1958 {nl
814 1926 868 1958 τὀν
889 1927 979 1959 θεόν”
996 1927 1107 1960 Actor.

375 1973 409 2005 X
421 1973 456 2005 V.
477 1972 526 2005 19.
550 1973 775 2016 Hieronymus
793 1972 898 2016 Epist.
915 1972 969 2005 82).
986 1972 1027 2005 ad
1041 1973 1107 2005 Au-

375 2018 501 2062 gustin.
528 2020 583 2056 „in
601 2017 752 2050 Cerinthi
768 2024 800 2049 et
814 2018 974 2050 Hebionis
991 2018 1106 2050 haerv-

374 2061 425 2096 ὲῐη
443 2063 634 2102 (Ιίίαὸίηιῑιν,
651 2066 707 2106 qm·
716 2064 887 2095 credentes
899 2066 930 2095 in
942 2063 1107 2095 Christum

370 2115 510 2153 propter
540 2108 600 2141 lzoc·
623 2109 723 2141 Solum
747 2122 767 2141 a
787 2109 945 2152 patribus
969 2109 1107 2141 anathe-

376 2156 528 2186 nuntianti
549 2159 638 2193 sunt,
670 2155 755 2197 quod
778 2155 860 2197 leyi's
885 2156 1108 2186 caerimonia-s

377 2200 504 2232 Christi·
520 2200 689 2242 evanyelio
713 2202 928 2239 miscuerunt,
947 2202 1036 2231 etsie
1054 2213 1108 2231 no-

377 2258 419 2278 ra
437 2247 579 2288 confessi
593 2251 681 2284 sunt,
706 2250 742 2276 ut
763 2250 876 2277 vetera
900 2257 962 2276 non
980 2247 1107 2277 mm'tte-

376 2291 477 2323 rent.''
509 2290 632 2322 Omnia
654 2290 760 2323 fuisse
783 2289 919 2323 Iudaica
943 2300 1029 2334 quae
1052 2290 1108 2323 ad-

375 2336 528 2369 struebat
536 2334 727 2375 Cerinthus,
739 2336 844 2380 probe
853 2339 1010 2368 notatum
1018 2336 1109 2379 Ago-

376 2381 479 2414 bardo
504 2381 562 2413 lib.
580 2380 620 2413 de
644 2380 788 2413 Iudaicis
811 2392 849 2414 su
877 2381 1109 2414 erstitionibus

376 2427 413 2461 T.
430 2426 521 2460 XIV.
539 2425 627 2459 Bibl.
643 2425 783 2459 Patrum
798 2437 830 2470 p.
849 2426 923 2459 Η57.
970 2426 1045 2467 (F.)

421 2470 502 2516 Cap.
526 2471 705 2504 XXXVII.
727 2492 770 2496 —
794 2482 825 2504 a.
855 2471 986 2505 Hebion
1011 2472 1109 2504 disci-

376 2517 476 2562 pulus
495 2515 658 2559 Corinthi]
684 2517 912 2550 Tertullianus
929 2517 1000 2549 sive
1018 2518 1109 2561 quis-

377 2563 452 2607 quis
480 2565 596 2595 auctor
623 2562 819 2606 appendicis
847 2562 890 2595 ad
917 2562 1052 2595 librumv
1069 2562 1110 2595 de

375 2607 576 2652 Praescript.
593 2617 665 2651 cap.
681 2606 736 2640 48.
758 2607 947 2641 Hebionem
962 2606 1111 2640 Cerinthi

376 2663 609 2688 successorem
624 2656 739 2692 vocat,
757 2653 813 2686 cui
829 2652 1038 2696 suffragatur
1053 2653 1110 2686 Hi-

377 2709 561 2744 eronymus
585 2701 702 2731 contra
724 2697 956 2731 Luciferianos
978 2709 1011 2743 p.
1034 2697 1110 2732 304.

376 2744 465 2779 Novi
487 2754 562 2777 esse
583 2743 674 2776 viros
704 2743 853 2776 eruditos
889 2743 947 2788 qui
977 2743 1111 2777 nullum

377 2800 531 2834 unquam
552 2788 658 2822 fuisse
677 2788 867 2830 Hebionem
888 2791 1028 2833 putant,
1051 2788 1110 2821 sed

377 2846 478 2869 nemo
496 2838 548 2868 est
563 2845 608 2867 ex
618 2834 790 2867 veteribus
808 2835 866 2878 qui
881 2838 994 2878 neget,
1011 2834 1111 2867 multi

379 2881 437 2925 qui
453 2879 626 2913 affirment
641 2879 812 2920 extitisse,
829 2883 868 2912 ut
882 2883 1016 2923 praeter
1033 2879 1111 2912 Hie-

378 2936 561 2970 ronymum
572 2925 726 2970 pluribus
739 2924 832 2965 locis,
846 2924 1112 2958 acPhilastrium

379 2974 535 3004 nostrum
558 2974 591 3004 et
613 2970 861 3003 Tertullianum
884 2970 997 3014 ipsum
1013 2981 1039 3003 c.
1057 2969 1111 3002 33.

381 3016 422 3049 de
443 3015 643 3060 Praescript.
659 3014 825 3049 Pacianus
841 3015 948 3060 Epist.
968 3015 995 3048 1.
1018 3015 1110 3048 Hila-

380 3061 450 3095 rius
472 3062 569 3096 libris
585 3061 625 3095 de
641 3061 732 3096 Trin.
748 3060 893 3095 Rufinus
915 3061 951 3095 in
967 3060 1111 3106 Symbo-

1176 1019 1256 1059 lum,
1273 1017 1299 1051 T
1303 1017 1504 1051 heodoretus
1521 1017 1579 1050 lib.
1596 1017 1627 1050 2.
1645 1016 1686 1050 de
1701 1016 1834 1050 Haeret.
1847 1015 1872 1049 F
1875 1026 1908 1049 a-

1175 1064 1243 1096 bul.
1262 1074 1288 1097 c.
1311 1063 1337 1096 l.
1364 1063 1564 1107 [Cassianus
1580 1062 1604 1095 I.
1621 1063 1679 1096 lib.
1696 1062 1736 1095 de
1752 1061 1909 1095 Incarna-

1174 1110 1265 1142 tione
1283 1119 1355 1152 cap.
1374 1108 1404 1141 ’2.
1428 1112 1459 1141 et
1478 1108 1533 1141 lib.
1552 1107 1624 1148 111„
1642 1118 1714 1153 cap.
1733 1107 1764 1140 5.
1782 1107 1839 1140 lib.
1858 1107 1908 1148 V„

1175 1166 1200 1187 c.
1225 1155 1272 1187 lo.
1291 1154 1341 1187 Cf.
1360 1154 1539 1187 Mosheim.
1558 1154 1697 1186 Observ.
1716 1152 1809 1186 Sacr.
1829 1163 1854 1185 c.
1877 1151 1908 1185 5.

1175 1210 1252 1244 pag.
1271 1199 1335 1232 233
1353 1210 1445 1243 sqq.‚
1463 1199 1543 1232 diss.
1561 1198 1603 1232 ad
1620 1199 1704 1232 nist.
1722 1198 1811 1231 Eccl.
1853 1207 1908 1239 ag.

1174 1245 1238 1277 :352
1263 1256 1324 1289 sq„
1348 1244 1479 1277 Bnddei
1510 1244 1636 1277 Eccles.
1666 1245 1786 1288 Apost.
1839 1243 1909 1276 'uiL

1174 1290 1332 1323 Whiston
1356 1290 1539 1323 Authentie
1555 1289 1702 1323 Records
1727 1300 1758 1334 p.
1777 1287 1842 1322 949
1858 1299 1908 1332 sq.

1175 1335 1214 1368 tle
1232 1335 1465 1368 Ebionitarum
1483 1335 1682 1368 commentis
1699 1335 1750 1368 dis
1776 1337 1860 1374 utat‚
1878 1338 1911 1367 et

1175 1381 1341 1414 Ebionitis
1366 1381 1505 1413 ascribit
1520 1380 1661 1425 Papiam
1680 1391 1712 1427 p.
1731 1380 1805 1413 fibo.
1824 1378 1910 1419 951„

1177 1427 1405 1470 {legesippuin
1423 1438 1455 1470 p.
1476 1425 1550 1459 950.
1569 1425 1656 1466 952„
1681 1425 1910 1459 Clementinas

1174 1472 1337 1505 lIoniilias
1355 1483 1386 1516 p.
1405 1471 1468 1504 953
1486 1482 1548 1515 sq„
1565 1481 1628 1504 nec
1643 1482 1713 1504 non
1727 1469 1912 1515 Iosephum

1174 1529 1206 1561 p.
1221 1517 1284 1549 ‘³:34
1298 1528 1348 1561 sq.
1372 1516 1607 1550 Ebionitarum
1622 1516 1819 1561 apologiam
1832 1515 1911 1549 scri-

1176 1563 1243 1606 psit
1258 1562 1324 1595 Iac.
1343 1561 1555 1595 Rhenferdus
1579 1562 1660 1595 diss.
1677 1561 1718 1594 de
1738 1561 1841 1595 Fictis
1857 1560 1910 1594 Iu-

1177 1608 1385 1641 daizantium
1398 1607 1628 1652 llaeresibus.]
1654 1607 1791 1651 aliique,
1807 1606 1911 1651 inpri-

1176 1654 1240 1687 mis
1273 1653 1396 1686 diserte
1426 1653 1638 1697 Epiphanius
1668 1652 1786 1686 XXX.
1814 1651 1845 1685 2.
1876 1651 1912 1685 iu

1177 1709 1266 1743 pago
1285 1698 1418 1732 Cocabe
1434 1699 1469 1731 in
1486 1698 1626 1741 regione
1638 1697 1836 1732 Basanitide
1851 1696 1911 1730 ha-

1176 1745 1303 1778 bitasse
1327 1744 1492 1777 Ebionem
1515 1748 1676 1785 testatus,
1701 1747 1735 1777 et
1757 1754 1784 1777 c.
1812 1742 1862 1776 17.
1878 1754 1910 1787 p.

1180 1790 1252 1823 141.
1285 1801 1363 1823 cum
1393 1789 1585 1823 monuisset
1614 1799 1740 1823 nomeu
1770 1788 1911 1822 Ebionis

1177 1836 1341 1869 lIebraica
1367 1835 1486 1876 lingua
1507 1847 1690 1879 pauperem
1706 1833 1911 1877 significare,

1177 1881 1372 1925 subiungit:
1407 1879 1516 1921 „issa
1541 1880 1631 1924 φύσει
1654 1882 1702 1924 τῷ
1728 1877 1793 1912 ὄντι
1817 1877 1910 1922 ἐβίων

1177 1925 1339 1969 ἐκαλεῖτο,
1363 1925 1444 1958 κατὰ
1467 1925 1661 1967 ποοΰητείαν
1679 1920 1800 1970 οἶμαιὸ
1822 1935 1911 1957 πτω-

1177 1972 1236 2016 γὸς
1260 1971 1312 2004 καὶ
1334 1969 1450 2014 τάλας,
1474 1960 1510 2003 1²0
1536 1957 1639 2015 ἕνομα
1661 1969 1696 2002 ἐκ
1716 1969 1837 2014 πατρὸς
1855 1968 1911 2002 αὐ-

1177 2012 1233 2049 τοῦ
1251 2017 1304 2049 καὶ
1321 2017 1440 2062 μητρὸς
1459 2015 1733 2060 κεκληρωμένος.”
1761 2015 1912 2060 Interpo-

1176 2064 1246 2096 lata
1263 2063 1387 2107 Ignatii
1403 2062 1446 2095 ad
1459 2061 1743 2106 Philadelphenos
1759 2061 1913 2106 Epistola

1177 2119 1249 2163 cap.
1269 2109 1298 2141 (3.
1328 2107 1399 2149 „aziz
1423 2105 1506 2140 ἔστιν
1531 2104 1547 2139 ὁ
1571 2109 1715 2144 τοιοῦτος
1739 2106 1832 2148 πένης
1856 2105 1912 2148 τὴν

1179 2154 1316 2186 διανοιαν
1334 2151 1376 2191 ὥς
1390 2151 1585 2185 ἐπικαλεῖται
1597 2150 1723 2195 ἐβίων.”
1746 2152 1833 2185 111116
1847 2151 1912 2185 fre-

1178 2211 1286 2243 quens
1304 2198 1538 2232 annominatio
1556 2197 1591 2231 in
1608 2201 1761 2231 veterum
1779 2197 1912 2241 scriptis

1178 2245 1219 2277 ad
1249 2244 1457 2289 paupertatis
1484 2253 1625 2283 nomen,
1658 2243 1716 2276 ubi
1745 2242 1785 2276 de
1811 2242 1912 2276 Ebio-

1178 2291 1272 2323 naeis
1299 2291 1499 2334 loquuntur:
1531 2288 1589 2322 sed
1613 2287 1692 2321 hinc
1714 2288 1913 2332 neutiquam

1178 2336 1255 2369 licet
1278 2336 1437 2379 colligere
1458 2334 1591 2368 nullum
1613 2333 1719 2367 fuisse
1735 2333 1912 2375 Ebionem,

1178 2393 1221 2414 ex
1246 2382 1342 2414 cuius
1365 2382 1438 2425 ipso
1461 2380 1599 2413 nomine
1623 2389 1743 2414 ansam
1759 2379 1913 2412 annomi-

1178 2427 1327 2460 nationis
1343 2427 1433 2459 illius
1446 2425 1559 2470 potius
1577 2425 1742 2458 sumsisse
1755 2424 1913 2458 credibile

1178 2477 1229 2505 est
1238 2472 1429 2515 Originem,
1443 2482 1520 2504 cum
1531 2470 1588 2503 lib.
1604 2469 1634 2503 2.
1649 2474 1768 2503 eontra
1776 2468 1913 2503 Celsum

1177 2528 1257 2562 pag.
1275 2515 1328 2551 56.
1353 2517 1401 2550 ait
1415 2516 1606 2550 Ebionaeos
1627 2526 1703 2548 esse
1725 2513 1913 2559 ἐπωνύμους

1179 2565 1233 2605 τῆς
1257 2562 1338 2595 κατὰ
1360 2561 1416 2604 τὴν
1439 2559 1576 2606 ἐκδοχὴν
1600 2559 1761 2605 πτωγείας
1785 2563 1842 2593 τοῦ
1859 2561 1913 2592 νύ-

1181 2620 1259 2652 μου,
1286 2607 1376 2652 quod
1401 2606 1529 2640 scilicet
1552 2605 1662 2638 adhuc
1684 2600 1863 2639 haererent
1877 2605 1914 2639 in

1179 2655 1325 2698 πτωχοῖς
1347 2651 1514 2697 στοιχείοις
1536 2651 1664 2684 rituum
1686 2651 1911 2685 Iudaicorum.

1179 2699 1236 2732 Sic
1259 2698 1386 2743 πτωγοὶ
1409 2699 1447 2742 τῇ
1471 2695 1593 2740 διανοίᾳ
1608 2696 1774 2730 Ebionaei
1796 2696 1913 2729 dicun-

1179 2749 1233 2777 tur
1255 2738 1365 2777 eidem
1389 2741 1527 2786 Origem'
1547 2741 1602 2775 IV.
1627 2741 1698 2786 περὶ
1719 2740 1857 2786 Ἀρχῶν,
1880 2744 1914 2774 et

1178 2790 1302 2822 Homil.
1316 2788 1347 2822 3.
1364 2789 1400 2821 in
1414 2786 1563 2822 Genesin
1580 2790 1613 2819 et
1627 2786 1775 2820 Eusebio
1787 2785 1843 2820 ΙΠ.
1858 2785 1910 2819 27.

1179 2835 1263 2868 Hist.
1282 2834 1408 2867 Eccles.
1427 2837 1460 2866 et
1474 2832 1531 2865 lib.
1549 2831 1576 2865 1,
1594 2831 1634 2865 de
1650 2831 1776 2865 Eccles.
1793 2831 1910 2864 Theol.

1180 2891 1206 2913 c.
1228 2880 1277 2913 14.
1301 2880 1345 2913 Et
1359 2879 1550 2912 Ebionaeus
1573 2876 1753 2922 πτωχεύων
1769 2875 1840 2921 περὶ
1855 2875 1912 2918 τὴν

1180 2923 1220 2963 εἰς
1237 2923 1361 2966 Ἰησοῦν
1379 2923 1480 2956 πίστιν
1495 2922 1633 2966 Origeni
1648 2922 1684 2955 in
1695 2921 1816 2955 Matth.
1829 2921 1911 2955 XX.

1180 2982 1210 3014 p.
1229 2970 1316 3011 428„
1346 2970 1416 3003 sive
1444 2968 1585 3012 πτωχῶς
1609 2966 1661 2999 καὶ
1689 2967 1842 3005 ταπεινῶς
1871 2967 1912 3000 de

1180 3014 1313 3049 Christo
1327 3015 1474 3048 sentiens
1483 3039 1491 3054 ,
1507 3016 1545 3046 ut
1559 3012 1700 3046 Eusebii
1710 3012 1822 3046 verbis
1836 3015 1913 3045 utar

1180 3060 1235 3094 111.
1254 3061 1306 3094 27.
1338 3060 1424 3095 Hist.
1448 3058 1587 3093 Ebionis
1612 3057 1754 3093 alicuius
1776 3057 1814 3093 in
1833 3057 1911 3093 Tal-
