2084 3374
680 227 731 252 DE
749 226 982 252 HAERESIBCS
999 227 1121 253 LIBER.
1615 228 1666 269 31

134 332 388 387 cupiscentia
407 329 553 371 ductae
582 330 693 372 illius
713 331 893 373 Helenae
924 331 1170 373 seditionem
1187 330 1422 372 movebant.
1452 329 1540 371 Ista
1559 331 1671 371 enim

134 399 257 452 dans,
295 398 473 453 Ginquit,
505 401 881 455 concupiscentiam
907 400 989 441 illis
1016 400 1260 452 w'rtutibus,
1291 403 1332 440 et
1358 401 1402 440 in
1429 399 1558 453 figura
1585 398 1668 440 ⁷fe-

130 469 268 509 minae
288 481 513 522 apparens,
534 468 757 510 ascendere
778 470 821 509 in
839 468 998 509 caelum
1013 482 1098 510 non
1118 473 1298 524 poterat,
1319 469 1416 522 quia
1433 469 1606 509 virtutes
1626 469 1671 508 in

133 535 245 578 caelo
267 549 371 590 quae
392 541 509 577 erant
528 551 613 578 non
635 550 726 578 eam
745 537 1041 592 permittebant
1061 536 1304 588 ascendere3
1333 536 1578 592 expectabat
1596 550 1668 577 au-

130 609 242 646 temp
264 605 460 646 virtutem
476 605 619 658 aliam,
639 604 683 646 id
698 609 762 646 est
775 605 883 659 Magi
898 606 1030 660 ipsius
1051 605 1232 646 Simonis
1247 607 1546 661 praesentiam,
1567 619 1670 660 quae

131 686 224 714 eam
245 671 424 714 salvaret
443 673 681 715 adveniens.
710 673 912 727 Ligneum
933 675 1059 714 etiam
1079 687 1230 728 equum
1239 681 1270 726 q,
1291 688 1413 728 quem
1433 677 1577 730 poetae
1597 688 1668 715 va-

129 742 297 782 nissimi
318 740 462 782 dicunt
480 743 525 783 in
546 741 652 784 bello
675 742 852 783 Troiano
872 742 1000 783 fuisse
1013 774 1024 795 ,
1044 756 1118 797 per
1137 742 1373 796 allegoriam
1393 745 1542 784 asserit
1562 742 1671 798 quod

130 809 202 851 illa
219 809 413 851 machina
430 811 664 864 ignorantia
684 815 772 852 erat
791 812 1077 851 universarum
1104 812 1287 864 gentium
1309 813 1549 866 impiarum,
1578 826 1672 853 cum

131 882 293 920 constet
310 877 426 919 illam
444 878 667 932 Helenam,
689 892 791 934 quae
814 892 908 920 cum
926 878 1044 932 Mago
1073 883 1180 931 erat,
1209 879 1259 920 de
1281 879 1389 933 Tyro
1410 882 1672 922 meretricem

129 947 256 988 fuisse
266 953 294 1000 ¹,
313 947 500 1002 hancque
519 947 696 989 eundem
712 947 925 989 Simonem
940 946 1106 1001 Magum
1121 947 1248 988 fuisse
1265 948 1496 1001 8'secutum,
1517 954 1558 989 et
1579 964 1672 991 cum

131 1015 276 1057 eadem
306 1015 488 1057 diversas
508 1017 684 1070 magias⁵
717 1015 960 1070 diversaque
989 1015 1146 1057 scelera
1172 1022 1445 1072 perpetrasse.
1480 1017 1556 1067 Qui
1578 1032 1672 1059 cum

129 1084 288 1138 fugeret
307 1083 476 1125 beatum
494 1084 664 1126 Petrum
685 1084 918 1140 apostolum
938 1084 987 1125 de
1004 1085 1379 1139 Hierosolymitana
1401 1087 1567 1128 civitate
1587 1087 1670 1128 Ro-

128 1165 320 1208 mamque
339 1154 542 1207 venirett,
568 1153 707 1208 ibique
728 1157 930 1209 pugnaret
951 1167 1045 1194 cum
1063 1153 1184 1195 beato
1206 1153 1390 1209 apostolo
1412 1155 1523 1210 apud
1541 1155 1670 1197 Nero-

128 1235 227 1263 nem
244 1228 423 1276 regemu,
444 1221 630 1263 devictus
651 1221 832 1276 undique
853 1222 1061 1264 9oratione
1079 1222 1190 1263 beati
1209 1222 1412 1278 apostolix
1432 1227 1555 1278 atque
1576 1238 1669 1280 per-

129 1303 275 1332 cussus
305 1289 356 1331 ab
387 1290 559 1345 angeloy
590 1292 649 1332 sic
678 1293 830 1332 meruit
859 1292 1066 1344 interire²,
1095 1296 1142 1332 ut
1169 1292 1296 1332 eius¹⁰
1315 1293 1476 1346 magiae
1499 1292 1668 1334 evidens

126 1358 391 1400 mendacium
411 1360 571 1400 cunctis
590 1358 828 1401 hominibus
851 1360 1116 1415 ”patefieret

217 1447 249 1483 6.
264 1448 377 1494 inquit
391 1461 451 1483 om.
468 1449 513 1482 A.
546 1448 576 1482 7.
593 1448 743 1483 feminea
760 1450 803 1483 A.
828 1449 859 1483 8.
878 1453 1034 1483 secutum
1050 1450 1094 1483 A.
1112 1453 1268 1484 secutam
1283 1451 1412 1495 reliqui.
1438 1450 1468 1485 9.
1485 1451 1616 1486 ratione
1625 1452 1670 1485 A.

132 1493 182 1529 10.
206 1495 324 1540 magia
339 1494 478 1528 evidens
495 1505 535 1528 ac
550 1495 769 1529 mendacium
786 1496 830 1529 A.
866 1496 916 1529 11.
934 1494 1110 1529 antefieret
1125 1496 1170 1529 Α.

129 1562 186 1606 τὴν
224 1562 326 1607 ἥκειν,
366 1561 464 1605 αὐτὴν
503 1561 537 1596 δὲ
575 1562 673 1608 μηδὲν
712 1563 867 1597 πεπονθέ-

128 1621 194 1653 ναι,
217 1607 471 1650 ἀλληλοκτονίας
488 1607 523 1642 δὲ
539 1608 655 1648 αὐτοὺς
678 1607 718 1648 εἷς
736 1608 867 1648 ἑαυτοὺς

129 1652 326 1726 ἐξγάσασθαι
341 1652 600 1699 παρασκευάσαι,
619 1653 650 1687 δῖ
664 1655 703 1697 ἣν
720 1653 866 1699 ἐνέβαλεν

128 1711 170 1738 ε.ς
179 1699 295 1738 αὐτοὺς
308 1699 387 1745 πρὸς
400 1698 514 1743 ἑαυτὴν
530 1698 706 1744 {nto-autom,
724 1700 777 1733 καὶ
794 1713 866 1733 ουν-

129 1745 256 1791 έχοντες
279 1744 378 1788 αὐτὴν
394 1748 452 1778 τοῦ
470 1744 513 1790 μὴ
533 1743 598 1778 ἄνω
616 1731 770 1779 ὲύνασθαι
788 1745 866 1780 ἀνιέ-

128 1803 194 1835 ναι,
223 1790 402 1836 συνεγίνετο
425 1790 506 1836 αὐτῇ
529 1790 662 1830 ἕκαστος
686 1790 716 1824 ἐν
739 1790 865 1837 ἑκάστῳ

979 1567 1004 1597 t.
1033 1562 1247 1609 R6mamque
1270 1565 1415 1609 veniret]
1447 1565 1497 1599 De
1520 1565 1671 1600 Simonis

934 1610 1032 1654 Magi
1047 1609 1197 1643 adventu
1208 1611 1244 1643 in
1255 1611 1377 1644 urbem
1388 1611 1535 1645 Romam
1547 1616 1581 1646 et
1593 1623 1672 1646 cum

933 1655 1099 1700 Apostolo
1115 1655 1214 1690 Petro
1235 1656 1498 1702 disceptatione,
1519 1658 1672 1703 magico-

936 1711 1002 1745 que
1018 1701 1135 1734 volatu
1158 1707 1192 1735 et
1211 1701 1311 1736 foedo
1334 1703 1491 1744 interitu,
1514 1704 1670 1748 prolixae

935 1751 1056 1780 extant
1075 1748 1289 1781 narrationes
1311 1748 1348 1782 in
1363 1748 1671 1793 Recognitionibus

933 1793 1069 1826 tributis
1087 1791 1271 1835 Clementi,
1295 1794 1332 1827 in
1355 1793 1617 1829 Pseudo-Abdia
1639 1799 1673 1828 et

129 1836 257 1882 σώματι
278 1835 456 1882 γυναικείας
479 1836 531 1869 καὶ
554 1836 692 1879 θηλυκῆς
710 1837 863 1882 σχέσεως,

129 1882 402 1928 μεταγγιζομένης
419 1881 515 1924 αὐτῆς
532 1882 617 1916 etc.'⁷
663 1882 739 1924 (F.)

182 1939 216 1980 p.
240 1928 446 1973 expectabat
468 1929 598 1971 autem]
631 1927 752 1962 Simon
775 1928 864 1974 apud

126 1972 250 2018 EPIph.
262 1972 360 2008 XXI.
372 1972 404 2006 3.
420 1973 519 2015 »αὕτη
537 1972 678 2018 (Ἑλένη)
698 1973 736 2006 δέ
745 1972 827 2007 ἐστιν
844 1973 862 2016 ἥ

128 2021 182 2052 νῦν
196 2019 253 2051 σὺν
269 2017 351 2064 ἐμοὶ,
368 2018 421 2051 καὶ
442 2018 493 2051 διὰ
510 2019 628 2061 ταύτην
649 2019 862 2063 κατελήλυθα,

128 2064 182 2097 καὶ
201 2063 282 2107 αὔτη
307 2063 342 2097 δὲ
361 2065 541 2109 προςεδόκα
560 2064 616 2107 τὴν
637 2063 714 2110 ἐμὴν
746 2077 865 2111 παρου-

128 2109 232 2143 σίαν.”
277 2109 354 2151 (F.)

144 2166 177 2200 q.
189 2157 331 2201 equum]
340 2155 492 2190 Dureum
501 2156 572 2190 sive
581 2155 760 2190 durateum
769 2157 865 2190 illum

126 2201 214 2247 Epei
225 2211 353 2246 equum
368 2212 414 2235 ex
427 2201 576 2236 Homero
599 2206 632 2235 et
647 2202 792 2247 Virgilio
809 2202 865 2236 de-

128 2247 418 2288 cantatissimum,
437 2247 478 2281 de
499 2258 566 2292 quo
587 2246 677 2281 Laui·
693 2247 865 2281 Berremm

128 2292 172 2326 ad
183 2292 353 2326 Tabulam
363 2292 515 2326 Fabretti
526 2292 667 2326 iliacam
679 2304 707 2326 c.
720 2275 774 2327 55.
787 2294 866 2327 ficet

127 2337 253 2380 videre,
266 2337 388 2372 Simon
398 2339 525 2383 Magus
539 2339 652 2372 aiebat
664 2338 771 2372 fuisse
780 2339 864 2372 ima-

129 2383 248 2428 ginem
272 2383 489 2429 ignorantiae
517 2384 689 2429 gentium,
717 2385 865 2419 salutem

129 2439 229 2462 suam
254 2429 292 2463 in
322 2429 463 2463 Simone
494 2430 647 2463 oblatam
679 2440 865 2474 agnoscere

128 2474 334 2508 nolentium:
370 2474 444 2518 »τὸν
466 2473 532 2520 παῤ
561 2473 707 2531 Ὃζιήρου
731 2475 864 2520 Δούριον

124 2519 226 2552 ἵππον
272 2520 556 2565 μεμηγανομένον,
603 2533 638 2553 ον
682 2520 864 2565 νομίζουσιν

127 2563 287 2608 Ἕλληνες
300 2560 442 2608 ἐπίτὴδες
478 2566 653 2611 εγενῆσθαι,
670 2563 759 2611 ἔλεγε
772 2565 866 2599 πάλιν

129 2607 148 2644 ὅ
165 2611 243 2655 γόης
259 2609 309 2644 ὅτι
324 2608 438 2656 ἄγνοια
453 2578 536 2644 ἔστιν
551 2614 617 2644 τῶν
634 2610 765 2644 ἐθνῶν.”
788 2611 866 2658 Epi-

129 2655 233 2702 phau.
248 2655 346 2690 XXI.
363 2655 395 2690 3.
441 2657 517 2698 (F.)

173 2713 200 2735 r.
223 2701 266 2735 de
276 2701 367 2746 Tyro
383 2703 597 2736 meretricem
612 2702 733 2745 fuisse]
750 2701 802 2736 Ita
817 2703 866 2737 di-

129 2747 356 2800 stinguendus
373 2746 428 2781 hic
440 2748 547 2789 locus,
563 2748 666 2792 Tyria
679 2749 770 2781 enim
785 2748 864 2782 fuit:

132 2790 216 2834 ,ἀπο
224 2794 280 2835 τῆς
289 2792 414 2837 Τυρίων
423 2791 628 2838 ὁρμωμένη.”
640 2792 667 2826 Ε
693 2792 760 2838 iph.
769 2793 866 2828 XXI.

129 2837 161 2871 2.
181 2835 264 2880 ,ἀπὸ
278 2837 384 2882 Τύρου
399 2837 590 2883 ληφθεῖσα.”
606 2838 654 2871 Id.
668 2804 700 2871 Ξ.
719 2852 761 2876 „a
783 2838 868 2883 Tyro

131 2885 267 2917 civitate
287 2884 557 2928 quaestuariaffl
587 2887 687 2918 vocat
708 2883 866 2919 Irenaeus

128 2927 188 2962 lib.
207 2928 236 2962 1.
252 2939 281 2962 c.
298 2928 352 2963 20.
379 2929 509 2963 Eadem
539 2955 553 2969 „
565 2929 669 2974 Tyria
691 2931 866 2964 ntuetr-iffi

129 2972 280 3016 nicetae,
296 2974 451 3020 aliisque.
497 2974 574 3016 (F.)

131 3062 175 3099 32
183 3030 210 3053 s.
239 3021 393 3110 (ἒίέθεῗαε
413 3023 567 3066 maqias]
591 3020 804 3056 Clementina
824 3020 866 3056 H.

932 1837 1256 1873 Pseudo-Marcello.
1302 1839 1371 1873 Sed
1391 1844 1540 1885 tangunt
1567 1841 1672 1874 etiam

933 1883 1078 1917 eandem
1092 1895 1165 1918 rem
1181 1885 1363 1930 scriptores
1385 1886 1524 1931 plurimi
1540 1886 1672 1931 dignio-

931 1940 986 1963 res
1007 1929 1090 1971 fide,
1119 1941 1265 1975 quorum
1291 1932 1489 1965 testimonia
1510 1937 1673 1966 notarunt

931 1974 1115 2020 B.1ttigius
1130 1981 1248 2009 noster
1260 1976 1349 2010 Diss.
1364 1977 1405 2010 de
1417 1977 1670 2012 Haeresiarchis

929 2021 1148 2066 Apostolicae
1163 2022 1301 2064 aetatis,
1321 2023 1560 2057 Tillemontius
1574 2024 1670 2057 Tom.

936 2066 966 2099 1.
999 2067 1245 2101 Memoriarum
1266 2068 1438 2102 Historiae
1460 2068 1607 2111 Eccles.‚
1633 2073 1672 2102 ut

932 2112 1016 2146 alios
1032 2113 1231 2147 innumeros
1244 2114 1418 2159 praesenti
1428 2115 1670 2148 transmittam.

932 2158 1065 2191 Accidit
1108 2159 1169 2192 illa
1213 2159 1362 2194 secundo
1409 2159 1543 2194 Claudii
1584 2161 1669 2206 Imp.

933 2213 1034 2245 anno,
1052 2204 1082 2237 si
1104 2204 1313 2248 Hieronymo
1336 2216 1364 2239 c.
1380 2205 1409 2239 1.
1427 2206 1467 2240 de
1491 2205 1670 2252 Scriptori-

934 2249 998 2283 bus
1022 2249 1151 2284 Eccles.
1166 2250 1346 2285 credimus.
1393 2251 1468 2293 (F.)

978 2329 1011 2351 u.
1023 2317 1195 2352 Neronem
1208 2321 1341 2364 regem]
1358 2319 1569 2354 Graecorum
1576 2332 1670 2355 more

934 2362 1069 2407 βασιλέα
1083 2375 1144 2409 pro
1161 2364 1380 2410 Imperatore.
1426 2366 1502 2408 (F.)

984 2432 1019 2454 X.
1044 2422 1197 2455 oratione
1209 2422 1302 2455 beati
1314 2423 1474 2467 apostoli]
1497 2424 1669 2458 Amobius

932 2465 990 2499 lib.
1007 2466 1038 2499 2.
1054 2478 1088 2512 p.
1104 2466 1158 2501 50.
1183 2467 1231 2500 ait
1247 2467 1397 2502 Simonis
1413 2469 1511 2514 Magi
1533 2480 1669 2503 currum

933 2515 968 2545 et
984 2512 1169 2557 quadrigas
1187 2513 1306 2547 ‘eneas
1322 2513 1413 2547 Petri
1435 2525 1492 2548 ore
1509 2514 1669 2555 difflatas,

934 2561 968 2590 et
983 2558 1159 2592 nominato
1177 2558 1201 2592 C
1248 2559 1255 2565 ”
1277 2563 1311 2592 to
1334 2560 1525 2594 evanuisse.
1560 2559 1667 2594 Theo-

933 2601 1038 2636 doret.
1065 2601 1140 2648 »ἀφ’
1163 2603 1262 2648 ὕψους
1286 2603 1383 2637 αὖτὀν
1406 2605 1533 2638 πολλοῦ
1556 2604 1668 2649 κατέβ-

931 2646 1302 2727 ἐαξεπροσευξάμενοςῬ
1317 2650 1597 2685 PrecatioPetria
1623 2650 1668 2683 ud

959 2694 1229 2729 sendo-Abdiam
1243 2695 1301 2729 lib.
1317 2695 1345 2729 1.
1359 2706 1387 2730 c.
1403 2695 1454 2730 18.
1470 2695 1553 2730 haec
1569 2707 1588 2729 a
1618 2706 1667 2728 er-

932 2742 1006 2773 tur:
1036 2740 1198 2781 „Domine
1226 2741 1320 2782 Iesu,
1355 2743 1488 2775 ostende
1514 2744 1665 2774 virtutem

934 2790 1041 2826 tuam,
1063 2792 1096 2819 et
1109 2798 1149 2819 ne
1160 2789 1340 2830 permittas
1355 2787 1408 2820 his
1423 2790 1521 2820 vanis
1538 2787 1667 2819 artibus

935 2831 1049 2875 decipi
1062 2833 1220 2876 populum
1242 2835 1298 2877 qui
1319 2833 1380 2865 tibi
1402 2839 1450 2866 est
1470 2833 1665 2866 crediturus.

933 2874 992 2909 Sic
1010 2877 1161 2918 decidat,
1185 2879 1329 2919 domine,
1352 2884 1389 2911 ut
1407 2880 1519 2911 vivens
1540 2889 1574 2910 se
1591 2889 1665 2910 con-

934 2926 989 2954 tra
1004 2927 1093 2979 tu'am
1100 2926 1285 3000 Jiptentiam
1298 2923 1384 2957 nihil
1389 2925 1535 2969 potuisse
1550 2934 1666 2967 coquo-

932 2966 1029 3000 ⁸cat.'
1086 2971 1103 3009 (
1137 2972 1162 3010 .)

934 3068 941 3076 .
984 3034 1018 3067 y.
1041 3034 1224 3078 percussus
1246 3026 1290 3060 ab
1313 3025 1450 3078 angelo]
1481 3025 1543 3060 Vel
1565 3029 1603 3059 ut
1618 3026 1666 3061 ait

930 3078 968 3104 ln
985 3067 1152 3106 Chromco
1166 3070 1315 3106 1s1d01us
1327 3072 1422 3117 Hisp.
1439 3084 1484 3112 „a
1500 3072 1666 3108 daemoni-
