2052 3342
149 1151 213 1180 cup.
228 1149 336 1175 xcvn.

1020 209 1217 235 PHILASTRI

359 215 412 257 92

358 317 450 374 Esso
471 330 611 359 servus
634 329 724 357 sum
754 315 837 366 dei,
867 315 943 369 qui
956 313 1066 368 fecit
1093 327 1207 354 mare
1228 320 1265 354 et
1284 312 1487 353 ⁴¹cw·i‹lam.
1533 311 1584 354 Et
1602 311 1760 354 David0
1779 311 1892 354 idem

359 387 459 427 dicit
489 386 633 425 factam
664 397 809 437 aquam
839 397 861 422 a
889 382 1066 423 domino.
1108 381 1157 422 Et
1178 385 1260 421 tres
1282 382 1395 435 pueri
1419 381 1590 423 itidem‘.
1640 381 1735 422 Alia
1754 381 1892 434 itaque

358 459 421 495 cst
449 458 582 493 ton-ag
610 465 713 505 quae
744 452 927 491 continet
958 452 1168 502 universa„
1198 453 1239 489 et
1265 448 1344 489 alia
1371 452 1434 489 est
1461 463 1563 503 quae
1592 463 1714 505 super
1743 463 1893 503 aquam

361 522 528 563 fundata
549 525 625 571 est,
647 521 797 574 quippe
820 521 898 559 ista
919 532 1021 571 quae
1043 518 1251 558 habitatur
1272 532 1295 557 a
1315 517 1449 569 nobis,
1471 516 1520 558 de
1537 531 1617 571 qua
1637 519 1694 558 ait
1715 517 1892 572 prophe-

360 591 425 630 ta'¹
438 622 449 642 ,
475 589 766 643 Qm'fundaafi
780 595 934 628 terram
949 602 1074 642 super
1090 601 1257 641 aquam.
1288 585 1379 626 Non
1397 585 1510 626 illam
1525 585 1686 640 “‘utique
1703 586 1895 641 primam,

361 659 463 699 hanc
494 659 631 710 itaque
664 655 866 697 renovarii
897 654 962 695 ὓ01
991 656 1153 710 purgari
1186 667 1354 695 necesse
1386 657 1468 706 est,
1498 667 1620 707 quam
1647 657 1687 694 et
1713 652 1895 695 moverik

360 727 504 780 ⁷sacpe
528 726 812 777 cognoscimus
830 727 1095 775 terraemotu,
1117 723 1165 763 (10
1185 736 1264 775 qua
1280 723 1337 762 ait
1354 721 1581 774 (lominus¹,
1602 721 1693 778 [9:910
1714 721 1897 772 sfaciam

359 808 509 835 uocum
531 793 701 845 caelum,
724 800 760 833 et
781 806 928 833 nocam
949 800 1114 832 tet-inm.
1159 791 1210 832 Et
1231 793 1413 831 iterumnl
1436 790 1625 830 (lominus
1655 791 1713 830 alt
1738 788 1895 830 caelum

361 867 401 902 et
422 866 572 902 terram
593 862 767 901 transire
799 863 838 901 in
868 860 1092 913 evangelio.
1140 860 1251 900 Ilaec
1274 863 1383 898 terra
1405 860 1540 912 itaque
1568 857 1693 899 veluti
1716 858 1764 899 de
1786 857 1895 899 radi·

362 930 477 970 cibus
509 929 618 970 illius
650 930 798 984 prioris
831 930 1090 981 cognoscitur
1120 928 1269 968 habere
1303 927 1598 979 substantiam,
1634 940 1737 980 quae
1773 940 1898 980 supra

361 1012 508 1053 aquam
531 997 754 1038 subsistere
778 998 889 1037 iussa
910 1001 993 1049 est,
1022 1010 1124 1050 quac
1158 997 1346 1051 copiose¹¹
1376 995 1553 1035 humano
1575 995 1715 1048 generi
1732 994 1899 1035 exhibet

362 1067 569 1108 alimenta.

449 1135 662 1175 lIlaercsis
692 1138 755 1175 est
782 1133 991 1187 quoqueab
1013 1146 1116 1187 quae
1146 1132 1245 1173 dicit
1272 1135 1366 1172 ante
1396 1145 1543 1186 corpus
1573 1131 1698 1172 fuisse
1719 1130 1898 1173 hominis

450 1271 480 1303 4.
510 1275 633 1303 terram
657 1270 700 1303 A.

770 1269 800 1301 5.
831 1269 1070 1312 lr’esrww‘smerz'm
1096 1268 1209 1312 itaque
1233 1267 1394 1312 primam,
1420 1265 1507 1299 hanc
1532 1266 1648 1311 utique
1672 1272 1745 1300 cert.

360 1316 498 1362 purgari
518 1326 656 1349 neccsse
675 1319 736 1355 est,
754 1326 856 1359 quam
874 1319 904 1347 ct
923 1314 1051 1347 moveri
1068 1326 1127 1348 om,
1147 1315 1189 1347 Λ.
1245 1313 1263 1321 ”

1814 1265 1845 1300 6.
1868 1269 1901 1299 01

1251 1321 1274 1346 1.
1293 1324 1328 1345 se
1346 1312 1586 1356 cognoscimus
1604 1312 1648 1345 A.
1702 1311 1732 1345 8.
1749 1311 1836 1344 facio
1855 1311 1899 1345 A.

432 1359 530 1406 sap.
550 1360 684 1394 XCVII.
705 1363 735 1392 ιίι
755 1361 827 1394 abe.
844 1362 1036 1404 insera'lnum
1056 1359 1289 1392 0511110005ιὸ
1309 1370 1352 1391 Dr:
1372 1369 1515 1391 inmersa
1534 1369 1593 1391 Dm
1612 1369 1644 1391 m
1664 1367 1821 1392 CORPONE
1840 1368 1899 1391 uv-

361 1419 466 1442 nmso.
485 1427 527 1432 —
568 1407 593 1441 1.
622 1406 697 1440 Alia
725 1410 775 1439 051
799 1404 949 1438 haeresis
975 1415 1062 1449 quae
1088 1405 1130 1437 A.

405 1555 434 1579 e.
461 1543 501 1577 Et
516 1542 639 1585 David]
662 1542 751 1576 Psal.
766 1542 849 1576 CIV.
862 1541 893 1575 3.
911 1545 945 1575 et
961 1542 990 1574 (ἰ.
1010 1540 1097 1575 Con-

360 1590 410 1624 fer
427 1589 649 1623 Severianum
669 1589 896 1622 Gabalensem
914 1586 1053 1620 homilia
1070 1587 1096 1621 l.

361 1636 400 1669 de
415 1635 591 1668 Creatione
604 1634 723 1668 Mundi
741 1645 771 1678 p.
787 1633 861 1666 215.
875 1633 912 1666 T.
926 1633 951 1666 l.
972 1632 1097 1665 Aucta-

361 1681 402 1715 rii
421 1681 546 1714 noviss.
565 1679 816 1713 Combefisiani.
864 1679 939 1719 (F.)

411 1727 434 1759 f.
460 1731 527 1759 tres
544 1726 640 1770 pueri
663 1725 795 1766 itidem]
827 1724 867 1757 111
890 1725 923 1756 111
948 1724 1096 1757 carmine

362 1783 424 1806 suo
442 1772 531 1805 inter
547 1771 632 1803 alias
650 1782 702 1803 res
721 1774 851 1803 creatas
869 1770 972 1802 etiam
990 1780 1096 1813 aquas

362 1818 512 1851 excitant
529 1816 570 1849 ad
588 1816 704 1849 laudes
725 1815 908 1848 conditoris
927 1815 1097 1848 celebran-

362 1863 422 1896 ‹las
446 1874 476 1895 v.
505 1862 554 1895 11.
576 1860 756 1906 »εὐλογεῖτε
773 1860 877 1892 ὕδατα
895 1858 1017 1892 πάντα”
1036 1865 1097 1895 etc.

361 1910 378 1948 (
381 1908 412 1940 F
412 1909 484 1941 abr.
483 1912 500 1950 )

407 1964 441 1997 g.
466 1953 542 1986 Alia
558 1953 672 1996 itaque
690 1956 742 1985 est
759 1953 861 1994 terra]
894 1951 943 1984 De
960 1951 1022 1985 hac
1039 1951 1098 1985 du-

362 1997 443 2045 plici
451 2003 540 2032 terra
549 1998 677 2031 dictum
686 1998 794 2042 capite
808 1997 990 2041 superiore.
1024 1998 1099 2038 (F.)

407 2044 439 2078 h.
465 2043 644 2089 propheta]
667 2042 996 2077 PsalCXXXVLG.
1024 2043 1098 2084 (F.)

407 2090 428 2123 i.
453 2089 609 2123 renovari
633 2092 666 2121 et
688 2088 842 2132 purgari]
877 2088 915 2121 In
939 2099 1098 2121 consum-

362 2135 511 2169 matione
529 2134 666 2169 saeculi.
684 2134 767 2167 Vide
785 2144 871 2178 quae
889 2144 992 2178 supra
1009 2134 1098 2167 c.S().

382 2181 415 2213 F
414 2181 485 2213 abr.

365 2184 381 2222 (
406 2225 439 2259 k.
473 2184 576 2270 q)uam
600 2228 634 2257 et
656 2224 800 2267 moveri]
835 2224 919 2258 Vide
945 2235 1031 2269 quae
1056 2225 1097 2258 ad

363 2282 436 2317 cap.
455 2271 527 2305 102.
573 2270 649 2311 (F.)

408 2319 429 2351 l.
454 2317 501 2350 ait
518 2316 692 2358 dominus]
727 2315 782 2348 Es.
800 2314 903 2349 LXV.
924 2315 974 2349 17.
995 2314 1101 2356 πἔσται

365 2363 425 2409 γὰρ
444 2360 460 2395 ὃ
472 2360 605 2406 οὐρανὸς
615 2360 721 2398 καινὸς
736 2360 787 2392 καὶ
800 2359 818 2402 ἡ
834 2362 873 2403 γῆ
885 2361 1007 2402 καινή,”
1025 2361 1099 2402 (F.)

407 2419 453 2442 m.
478 2408 520 2441 Et
535 2407 673 2448 iterum]
696 2406 777 2440 Luc.
794 2406 890 2439 XXI.
908 2406 961 2440 33.
1009 2406 1082 2447 (F.)

408 2466 441 2487 n.
466 2453 617 2498 copiose]
652 2452 742 2485 Male
756 2451 920 2484 editiones
935 2452 1101 2495 quaedam

365 2513 401 2532 00
429 2502 505 2533 [080.
553 2498 625 2539 (F.)

387 2512 653 2589 (i'ap.XCV11.—
667 2553 696 2577 a.
711 2542 869 2575 Haeresis
885 2545 936 2575 est
949 2544 1098 2586 quoque]

365 2590 505 2624 Auctori
519 2588 764 2622 Praedestinati
780 2598 853 2632 cap.
868 2587 920 2620 76.
937 2592 1101 2621 vocantur

366 2636 658 2674 Homnae-ionitae,
682 2643 804 2677 parum
826 2636 904 2677 apto
922 2633 1099 2674 vocabulo,

366 2685 400 2714 et
416 2692 482 2725 quo
500 2680 543 2713 ab
560 2679 636 2713 aliis
654 2681 789 2711 constat
805 2689 879 2711 esse
897 2678 1021 2719 dictes,
1040 2679 1098 2722 qui

367 2726 538 2760 Christum
554 2736 614 2769 pro
631 2734 724 2757 mero
741 2722 879 2756 homine
895 2722 1097 2764 habuerunt,

368 2772 419 2805 uti
441 2772 477 2805 in
493 2768 663 2804 Conflictu
679 2768 822 2802 Arnobii
843 2772 876 2801 et
900 2768 1097 2813 Serapionis

366 2817 483 2850 statim
499 2815 563 2849 sub
578 2815 714 2848 initium
730 2813 833 2847 iidem
857 2813 1013 2847 dicuntur
1030 2814 1099 2846 Ho-

369 2865 600 2895 mwzcionate&
623 2860 783 2893 Danaeus
800 2859 937 2903 quidem
953 2862 1049 2892 notat
1064 2859 1099 2892 in

367 2907 476 2940 indice
493 2907 552 2952 qui
563 2904 734 2951 praefixus
752 2908 804 2937 est
818 2904 903 2937 libro
918 2905 1101 2949 Augustini

369 2953 409 2985 de
425 2952 630 2986 Haeresibus
647 2949 709 2983 hos
726 2949 897 2983 Philastrii
913 2949 1099 2984 haereticos

368 2998 561 3032 Melitonios
574 2995 747 3042 appellari.
771 2994 839 3029 Sed
851 2995 886 3028 in
897 2995 1006 3029 indice
1020 3005 1100 3040 qua-

369 3042 437 3077 lem
459 3043 496 3078 T.
514 3043 569 3079 VI.
594 3052 735 3088 operum
755 3039 940 3086 Augustini
961 3044 1038 3076 ante
1061 3040 1100 3076 li-

1166 1541 1265 1574 brum
1285 1540 1325 1573 (10
1341 1540 1547 1574 Haeresibus
1565 1539 1742 1574 ediderunt
1756 1539 1900 1574 Benedi-

1166 1587 1265 1627 ctini,
1297 1586 1391 1619 nulla
1415 1586 1670 1620 Melitoniorum
1697 1585 1844 1628 mentio,
1868 1589 1903 1620 et

1165 1636 1298 1665 tantum
1314 1633 1427 1675 legas:
1454 1632 1660 1675 „Imaqz'nem
1683 1633 1738 1665 dez·
1753 1644 1816 1664 non
1833 1643 1901 1666 esse

1166 1680 1313 1711 animam
1333 1678 1510 1711 dir-entes?
1561 1677 1634 1719 (F.)

1210 1723 1242 1756 b.
1266 1723 1425 1756 Haeresis
1442 1726 1493 1756 est
1510 1723 1659 1767 quoque]
1683 1722 1812 1757 Habuit
1825 1721 1902 1756 Phi-

1166 1769 1302 1801 lastrius
1320 1769 1354 1801 in
1378 1768 1441 1801 hac
1465 1769 1651 1809 sententia,
1674 1779 1742 1812 qua
1764 1768 1902 1801 animan

1168 1813 1354 1847 humanam
1371 1817 1448 1847 ante
1465 1824 1588 1858 corpus
1607 1814 1715 1847 fuisse
1731 1813 1904 1847 conditam

1168 1860 1394 1900 existimavit,
1428 1859 1542 1905 plures
1577 1870 1622 1892 ex
1648 1858 1805 1892 Patribus
1837 1859 1904 1893 sibi

1168 1905 1436 1947 consentientes,
1463 1905 1551 1938 111101
1579 1915 1664 1949 ques
1687 1904 1902 1949 Augustinus

1168 1950 1238 1984 VH.
1267 1951 1307 1984 de
1338 1950 1421 1984 Gen.
1450 1950 1493 1983 ad
1514 1950 1577 1983 litt.
1603 1949 1656 1983 24.
1678 1949 1763 1983 haec
1784 1949 1902 1984 habet:

1171 1996 1275 2038 „Illud
1300 2006 1381 2040 ergo
1405 1995 1597 2037 videamus,
1622 1998 1737 2029 utrum
1758 1995 1904 2029 forsitan

1166 2053 1286 2075 verum
1302 2053 1376 2075 esse
1393 2041 1512 2086 possit,
1529 2040 1620 2085 quod
1633 2044 1723 2074 certe
1735 2040 1905 2075 huma-nae

1169 2087 1321 2132 opinioni
1342 2087 1554 2121 tolerabilius
1575 2085 1658 2119 mihi
1676 2087 1826 2128 videtur,
1849 2085 1904 2120 de-

1168 2144 1226 2165 um
1243 2133 1278 2165 in
1294 2132 1360 2165 illis
1377 2133 1494 2177 primis
1512 2132 1682 2176 operibus,
1722 2142 1786 2165 uae
1803 2132 1906 2166 simul

1169 2179 1283 2211 omnia
1292 2179 1427 2221 creavit,
1441 2178 1590 2211 animam
1603 2177 1706 2211 etiam
1742 2188 1906 2212 umanam

1168 2234 1313 2265 creasse,
1327 2234 1430 2268 quam
1444 2234 1504 2256 suo
1517 2226 1670 2267 tempore
1684 2223 1847 2257 membris
1861 2233 1906 2257 ex

1168 2269 1250 2302 111110
1270 2269 1407 2303 formati
1430 2269 1579 2313 corporis
1600 2269 1796 2313 inspiraret;
1823 2279 1905 2303 nam

1170 2326 1281 2359 neque
1294 2315 1377 2348 illud
1394 2314 1483 2359 quod
1500 2314 1628 2347 dictum
1645 2318 1712 2347 est:
1733 2314 1804 2356 „Ad
1820 2315 1904 2347 ima-

1170 2361 1286 2404 ginem
1303 2360 1422 2393 suam'⁷
1434 2360 1502 2393 nisi
1516 2359 1551 2392 in
1564 2359 1810 2404 anima‚neque
1822 2359 1906 2393 illud

1171 2406 1260 2450 quod
1284 2406 1413 2439 dictum
1435 2408 1486 2438 est
1511 2405 1731 2446 „Masculum
1753 2408 1786 2438 et
1807 2405 1905 2439 femi-

1169 2451 1270 2484 nam''
1286 2451 1352 2484 nisi
1367 2452 1402 2484 in
1416 2461 1554 2495 corpore
1566 2453 1656 2483 10010
1669 2450 1905 2495 intelligimus.

1170 2496 1332 2530 Credatur
1356 2506 1456 2541 ergo,
1490 2495 1519 2528 si
1542 2495 1637 2528 nulla
1660 2496 1905 2541 scripturarum

1169 2543 1353 2575 auctoritas
1364 2553 1424 2575 seu
1438 2541 1589 2574 veritatis
1598 2541 1684 2574 ratio
1695 2541 1905 2583 contradicit,

1168 2587 1342 2620 hominem
1358 2588 1406 2620 ita
1420 2587 1551 2620 factum
1567 2589 1666 2620 sexto
1683 2586 1752 2628 die,
1779 2591 1817 2620 ut
1833 2597 1904 2620 001·-

1167 2633 1260 2677 poris
1277 2633 1414 2678 quidem
1437 2631 1579 2665 humani
1599 2632 1685 2665 ratio
1705 2632 1852 2665 causalis
1869 2632 1905 2665 in

1167 2678 1344 2711 elementis
1360 2677 1494 2718 mundi,
1512 2677 1628 2709 anima
1648 2687 1727 2711 vero
1744 2677 1814 2711 iam
1829 2678 1905 2722 ipsa.

1167 2727 1346 2764 crearetur,
1360 2723 1447 2756 sicut
1458 2722 1587 2767 primus
1598 2722 1751 2756 conditus
1762 2726 1814 2756 est
1823 2722 1904 2764 dies,

1168 2772 1201 2801 et
1217 2772 1330 2802 creata
1345 2769 1465 2801 lateret
1480 2767 1516 2800 in
1533 2767 1691 2811 operibus
1709 2767 1773 2809 dei,
1796 2767 1903 2801 donec

1167 2824 1244 2847 eam
1261 2825 1323 2847 5οο
1339 2818 1490 2858 tempore
1507 2811 1689 2854 sufflando,
1704 2812 1768 2846 hoc
1786 2816 1839 2847 est
1853 2813 1904 2846 in—

1166 2859 1324 2903 spirando
1341 2859 1486 2892 formato
1509 2869 1552 2891 ex
1568 2858 1649 2891 limo
1666 2858 1801 2902 corpori
1814 2858 1904 2891 inse-

1167 2905 1284 2938 reret.''
1319 2905 1380 2938 His
1408 2903 1532 2937 similia
1562 2902 1664 2936 tradit
1690 2903 1839 2938 Hilarius
1867 2903 1903 2937 in

1167 2949 1305 2983 Ps.1·29.
1323 2949 1507 2994 Gregorius
1524 2947 1656 2991 Nyssae
1674 2948 1853 2993 episcopus
1870 2947 1901 2982 2.

1167 2994 1290 3029 Philos.
1306 2995 1336 3028 6.
1349 2995 1485 3039 aliique,
1502 2994 1624 3038 quibus
1637 2993 1828 3038 refragatur
1844 3004 1903 3027 au-

1169 3041 1306 3076 ctoritas
1321 3040 1446 3077 Leonis
1461 3049 1572 3086 papae
1585 3039 1688 3085 primi
1706 3039 1799 3085 apud
1814 3038 1902 3073 sixt.
