2052 3374
719 192 833 218 LIBER
852 193 996 218 PRIMUS.
1555 194 1606 234 26
1614 196 1633 234 1

170 296 524 352 Septuagesimam
555 301 596 337 et
631 298 817 351 quintam
849 296 1064 338 haeresem
1097 296 1397 350 Hydrotheitae
1434 297 1636 349 fecerunt,
1662 318 1727 351 Cap,
1747 319 1854 344 Lxxv,

86 378 236 419 aquam
257 364 379 406 deum
401 364 606 418 dicentes,
634 379 717 406 non
738 364 963 406 habentem
983 379 1059 406 nec
1081 366 1246 406 initium
1272 378 1348 406 1166
1372 366 1518 419 finem,
1547 380 1634 407 sor-

86 432 158 474 des
179 433 377 486 luentem,
397 438 569 488 peccata
592 434 886 486 dimittentem,
909 438 949 474 et
968 433 1193 474 habentem
1215 435 1407 488 spiritum
1429 438 1633 475 sanctum.

87 501 195 553 Quos
223 503 330 543 iuste
360 501 528 542 damnat
557 502 659 543 fides
692 501 894 543 catholica
922 502 1039 556 quasi
1073 516 1215 543 caecos
1253 507 1293 542 et
1322 517 1405 544 non
1441 502 1634 544 videntes

84 583 234 624 aquam
250 570 400 624 quibus
422 571 631 625 spurcitiis
649 572 776 611 servit
799 574 840 610 et
861 574 996 625 potest
1010 570 1119 612 ,deus
1142 568 1316 623 serh‘re,
1339 571 1488 625 quibus
1511 573 1636 612 etiam

84 638 364 693 squaloribus,
387 643 457 679 aut
479 640 594 680 cuius
616 640 816 680 momenti
838 643 901 679 est
916 652 1023 692 aqua
1044 640 1134 679 sine
1153 638 1490 681 601166616110116.9
1517 640 1636 681 Illam

84 721 218 749 sermo
240 709 359 749 vivus
381 708 578 761 vivificat,
600 721 733 748 sermo
756 711 923 748 sanctus
941 707 1187 760 sanctificat,
1208 712 1253 748 ut
1275 712 1442 749 sanctus
1464 710 1635 764 spiritus

83 777 127 817 ’111
147 790 196 817 ea
217 775 408 830 dignetur
428 775 628 829 habitare,
651 780 721 817 aut
736 780 782 816 ut
797 777 930 831 possit
947 775 1212 817 credentibus
1229 781 1404 831 peccata
1419 777 1633 818 mundare.

81 843 134 886 Et
153 845 227 897 316,
249 844 452 898 quomodo
474 846 626 900 accipit
645 846 731 886 vim
749 844 871 885 huius
894 846 954 885 rei
973 858 1048 899 per
1069 844 1417 898 benedictionem,
1437 849 1484 886 ut
1503 848 1636 900 possit

84 914 224 955 omnia
242 912 442 954 mundare
463 917 646 968 peccata,
664 927 747 954 non
762 916 900 968 potest
914 912 1116 953 mundare
1132 918 1305 967 peccata
1318 915 1404 953 eius
1424 915 1494 967 qui
1511 914 1634 955 fidem

83 995 306 1022 suamvnon
335 994 385 1022 ex
414 983 572 1035 integro
601 983 715 1036 prius
744 981 820 1022 deo
851 980 1074 1022 crediderit
1102 981 1367 1022 offerendam.
1417 981 1510 1023 Non
1540 996 1632 1037 ergo

82 1063 155 1105 per
183 1049 318 1091 solum
345 1049 601 1103 abluentem,
631 1050 705 1091 sed
731 1051 861 1104 magis
889 1063 963 1104 per
985 1049 1244 1103 credentem,
1272 1051 1442 1105 spiritus
1465 1055 1634 1092 sanctus

83 1117 315 1160 infunditur
334 1118 379 1159 in
399 1118 602 1172 homines,
625 1122 665 1159 et
685 1122 950 1173 peccatorum
970 1119 1093 1158 venia
1115 1117 1386 1160 condonatur.

166 1186 524 1241 Septuagesimam
561 1191 601 1227 et
635 1191 796 1228 sextam
823 1186 1029 1227 haeresim
1057 1186 1246 1232 fecerunt
1272 1187 1633 1241 Homuncionitae,
1663 1207 1728 1241 cap.
1747 1208 1869 1234 Lxxv1.

83 1256 154 1310 qui
175 1254 319 1296 dicunt
346 1256 389 1295 in
419 1268 586 1310 corpore
617 1255 796 1296 hominis
828 1269 918 1296 esse
950 1256 1175 1308 imaginem
1197 1255 1282 1308 dei,
1311 1270 1396 1297 11011
1416 1257 1459 1296 in
1481 1258 1631 1298 anima.

81 1323 200 1366 Unde
224 1324 462 1377 Gregorius:
503 1323 608 1365 Cum
635 1325 768 1377 imago
800 1323 866 1364 dei
893 1325 936 1364 in
964 1324 1087 1365 rebus
1117 1325 1278 1377 magnis
1301 1328 1341 1364 61
1361 1326 1506 1379 primis
1529 1339 1632 1379 quae

82 1396 180 1434 sunt
197 1393 242 1433 in
262 1392 428 1433 homine
447 1391 595 1433 debeat
613 1394 768 1446 quaeri,
791 1394 834 1433 111
851 1394 1064 1446 memoria,
1082 1394 1125 1433 in
1140 1392 1367 1445 intellectu,
1386 1394 1428 1433 in
1445 1395 1633 1447 scientia,

83 1465 124 1503 61
150 1462 194 1501 111
220 1459 303 1502 11113
324 1460 424 1502 10613
458 1461 569 1502 unde
598 1461 719 1502 homo
748 1460 799 1501 ad
826 1462 1027 1515 pietatem
1055 1464 1263 1514 movetur,
1291 1461 1392 1502 haec
1415 1466 1570 1504 statuta
1589 1464 1633 1503 in

83 1530 221 1571 anima
249 1532 366 1582 sunt,
396 1543 479 1571 non
510 1529 553 1570 in
583 1531 763 1585 corporis
792 1529 1048 1570 liniamentis
1076 1530 1299 1583 instructa,
1332 1534 1373 1570 et
1403 1535 1516 1572 tanto
1538 1531 1632 1586 plus

83 1597 230 1640 similis
253 1597 328 1639 deo
351 1602 427 1651 est,
457 1603 609 1652 quanto
631 1598 724 1653 plus
745 1598 846 1639 haec
869 1611 972 1652 quae
993 1600 1314 1640 memoravimus
1335 1601 1478 1654 purius
1509 1605 1630 1655 potu-

83 1668 161 1708 erit
181 1666 381 1708 obtinere.

166 1735 523 1791 Septuagesimam
551 1738 591 1776 et
618 1736 839 1790 septimam
865 1735 1071 1776 haeresim
1091 1735 1319 1777 Ametritae
1347 1737 1632 1791 instituerunt,
1657 1755 1879 1789 cap.1„xxv11.

84 1803 269 1846 dicentes
291 1803 616 1845 innumerabiles
640 1817 730 1844 esse
751 1803 941 1845 mundos.
979 1805 1066 1846 Hoc
1091 1818 1160 1846 eos
1184 1804 1318 1845 dicere
1341 1819 1494 1846 novum
1513 1810 1632 1861 putat

84 1874 155 1927 qui
174 1887 257 1914 non
277 1872 376 1926 legit
396 1872 677 1928 philosophos.
708 1873 795 1914 Hoc
819 1873 928 1913 6111111
950 1872 1049 1914 011111
1069 1873 1271 1927 aliquanti
1291 1873 1631 1929 philosophorum

83 1941 221 1983 dixere
242 1940 430 1994 gentiles.
480 1941 565 1982 Nos
587 1944 725 1982 autem
746 1941 931 1994 Moysen]
951 1956 975 1982 a
996 1941 1071 1984 deo
1094 1943 1267 1983 missum
1289 1944 1559 1998 suscipimus,
1591 1947 1631 1984 et

83 2009 133 2052 de
153 2009 308 2052 mundo
330 2009 430 2064 quid
451 2011 677 2051 sentiamus
700 2013 740 2050 et
761 2009 860 2063 quid
882 2009 1096 2052 credamus
1118 2010 1169 2052 ab
1191 2011 1280 2066 ipso
1305 2010 1538 2053 didicimus.

165 2078 523 2134 Septuagesimam
555 2082 596 2119 et
617 2082 804 2119 octavam
825 2077 1030 2120 haeresim
1056 2079 1477 2134 Psychopneumones
1506 2095 1628 2123 06611-
1656 2099 1893 2132 Ca1p.1,xxvlfl.

82 2151 246 2204 parunt,
268 2146 455 2188 dicentes
467 2147 627 2187 animas
638 2146 852 2187 hominum
866 2147 994 2189 bonas
1016 2149 1059 2188 in
1080 2150 1250 2203 spiritus
1267 2149 1507 2202 angelorum
1529 2164 1627 2191 con-

82 2218 201 2269 verti,
222 2217 383 2257 animas
404 2228 500 2256 vero
521 2214 732 2256 hominum
756 2205 885 2257 malas
907 2217 949 2256 in
971 2218 1140 2272 spiritus
1163 2217 1410 2259 daemonum
1430 2220 1594 2259 mutari.

167 2284 520 2339 Septuagesimam
542 2288 581 2323 et
599 2297 749 2324 nonam
766 2283 978 2326 haeresem
996 2285 1288 2328 ¹Adecerditae
1306 2290 1463 2340 tenent,
1486 2287 1628 2328 dicen-
1653 2305 1719 2338 cap.
1738 2305 1858 2331 11111111,

83 2356 160 2406 163,
181 2352 344 2394 Christo
367 2351 637 2393 descendenti
659 2352 709 2393 ad
731 2353 884 2394 inferos
907 2355 1040 2395 omnis
1063 2356 1294 2396 animarum
1314 2355 1535 2397 multitudo
1559 2371 1626 2398 oc-

84 2422 224 2474 currit,
245 2425 287 2461 et
307 2419 482 2462 credidit
503 2421 554 2473 ci,
576 2424 617 2460 et
636 2420 809 2462 liberata
830 2425 904 2463 est.

167 2488 452 2543 ¹Octogesima
478 2488 660 2529 haeresis
688 2489 789 2531 dicit
818 2489 948 2532 filium
979 2490 1044 2532 dei
1070 2495 1214 2547 postea
1234 2493 1434 2545 genitum,
1461 2497 1626 2548 postea·
1652 2505 1717 2538 Cap.
1736 2506 1843 2532 Lxxx.

85 2571 208 2612 quam
227 2557 357 2599 voluit
375 2561 512 2613 pater;
533 2558 568 2597 si
590 2557 791 2599 noluisset
810 2563 940 2614 pater,
962 2573 1045 2601 non
1067 2561 1290 2613 genuisset.
1321 2560 1433 2613 Esto,
1455 2562 1625 2602 confite-

84 2639 202 2668 amur
228 2626 443 2681 aequalem
469 2625 597 2666 filium
626 2627 753 2680 patri:
783 2630 828 2667 ut
854 2627 1036 2682 aequalis
1069 2629 1141 2680 sit,
1168 2642 1248 2669 non
1273 2632 1335 2669 est
1356 2642 1420 2670 res
1441 2633 1625 2683 naturae,

85 2693 158 2736 sed
177 2695 345 2749 gratiae.
376 2694 499 2736 Pater
519 2694 595 2736 hoc
616 2693 758 2747 voluit,
780 2708 826 2736 ac
847 2709 920 2750 per
939 2696 1016 2738 1106
1037 2698 1169 2737 10111111
1186 2697 1314 2750 patris
1337 2699 1413 2750 est,
1433 2711 1517 2738 non
1538 2698 1623 2738 filii.

152 2771 234 2818 Cap.
251 2772 414 2807 LXXIX.
430 2793 473 2798 —
494 2772 521 2805 1.
539 2771 750 2806 Adicerditae
768 2773 839 2807 MS.
857 2775 946 2817 Any.
964 2794 1007 2799 —
1024 2772 1253 2818 Ἀδηκερδίται,
1266 2781 1408 2819 propter
1425 2776 1552 2808 lucrum
1568 2788 1624 2809 ,ςα-

86 2818 163 2851 lutis
178 2820 213 2850 in
230 2820 360 2862 inferno
377 2818 541 2852 Philastr.
559 2818 666 2851 Haer.
687 2817 845 2851 CXXII.-
866 2819 951 2860 „Alii
967 2823 1046 2852 sunt
1062 2818 1223 2852 haeretici
1240 2820 1298 2864 qui
1315 2820 1430 2853 dicunt
1447 2821 1623 2855 dominum

88 2863 123 2897 in
138 2862 311 2897 infernum
328 2863 554 2905 descendisse,
573 2867 604 2896 61
623 2863 781 2896 omnibus
798 2869 877 2909 post
891 2870 1038 2898 mortem
1055 2865 1157 2898 etiam
1175 2865 1300 2899 ibidem
1317 2877 1352 2899 se
1370 2866 1562 2908 nuntiasse,
1586 2872 1625 2900 ut

87 2907 288 2942 confitentes
304 2909 430 2943 ibidem
447 2909 691 2943 salvarentur.”
716 2907 818 2943 Hanc·
835 2911 1096 2943 observationem
1114 2917 1291 2956 acceptam
1308 2914 1482 2956 referimus
1500 2912 1622 2946 Cotele-

87 2955 197 3039 fgaafi'n
221 2957 306 3033 Ξοίἰε
329 2956 377 2988 ad
399 2955 562 2988 Hermam
585 2954 692 2988 Simil.
711 2953 783 2995 IX,
807 2957 836 2998 §.
855 2955 958 2990 XVI.
985 2962 1057 2990 tom.
1076 2955 1106 2990 I.
1132 2955 1201 2990 ΡΡ.
1220 2957 1300 2991 AA.
1318 2969 1356 3002 p.
1378 2957 1450 2990 120.
1467 2959 1518 2991 ed.
1536 2957 1620 2993 Cler.

176 3009 220 3033 an
245 3002 270 3042 .)

155 3043 235 3090 Cap.
251 3044 397 3080 LXXX.
414 3066 457 3071 —
478 3046 505 3079 1.
523 3045 588 3079 His
601 3057 712 3078 nomen
729 3047 763 3078 in
781 3045 928 3081 Elenclzo
941 3046 1190 3092 Metagenetae,
1208 3049 1241 3081 in
1251 3047 1322 3083 MS.
1333 3049 1465 3082 nullum.
1489 3048 1621 3094 (Sirm.)
