<?xml version="1.0" encoding="UTF-8"?>
<!DOCTYPE html PUBLIC "-//W3C//DTD XHTML 1.0 Transitional//EN"
    "http://www.w3.org/TR/xhtml1/DTD/xhtml1-transitional.dtd">
<html xmlns="http://www.w3.org/1999/xhtml" xml:lang="en" lang="en">
 <head>
  <title>
</title>
<meta http-equiv="Content-Type" content="text/html;charset=utf-8" />
  <meta name='ocr-system' content='tesseract 3.04.00' />
  <meta name='ocr-capabilities' content='ocr_page ocr_carea ocr_par ocr_line ocrx_word'/>
</head>
<body>
  <div class='ocr_page' id='page_1' title='image "./corporishaereseo01epipuoft_0090.png"; bbox 0 0 2052 3342; ppageno 0'>
   <div class='ocr_carea' id='block_1_1' title="bbox 183 489 370 523">
    <p class='ocr_par' dir='ltr' id='par_1_1' title="bbox 183 489 370 523">
     <span class='ocr_line' id='line_1_1' title="bbox 183 489 370 523; baseline -0.021 -7"><span class='ocrx_word' id='word_1_1' title='bbox 183 491 249 523; x_wconf 75' lang='lat' dir='ltr'>Cap.</span> <span class='ocrx_word' id='word_1_2' title='bbox 275 489 370 515; x_wconf 74' lang='lat' dir='ltr'>Lxlx.</span> 
     </span>
    </p>
   </div>
   <div class='ocr_carea' id='block_1_2' title="bbox 1063 222 1260 250">
    <p class='ocr_par' dir='ltr' id='par_1_2' title="bbox 1063 222 1260 250">
     <span class='ocr_line' id='line_1_2' title="bbox 1063 222 1260 250; baseline -0.015 0"><span class='ocrx_word' id='word_1_3' title='bbox 1063 222 1260 250; x_wconf 80' lang='lat' dir='ltr'>PHILASTRI</span> 
     </span>
    </p>
   </div>
   <div class='ocr_carea' id='block_1_3' title="bbox 393 239 446 281">
    <p class='ocr_par' dir='ltr' id='par_1_3' title="bbox 393 239 446 281">
     <span class='ocr_line' id='line_1_3' title="bbox 393 239 446 281; baseline -0.019 0"><span class='ocrx_word' id='word_1_4' title='bbox 393 239 446 281; x_wconf 83' lang='lat'>68</span> 
     </span>
    </p>
   </div>
   <div class='ocr_carea' id='block_1_4' title="bbox 394 317 1953 1216">
    <p class='ocr_par' dir='ltr' id='par_1_4' title="bbox 394 317 1935 458">
     <span class='ocr_line' id='line_1_4' title="bbox 394 317 1935 386; baseline -0.019 -1"><span class='ocrx_word' id='word_1_5' title='bbox 394 341 583 385; x_wconf 83' lang='lat' dir='ltr'>Iudaicae</span> <span class='ocrx_word' id='word_1_6' title='bbox 606 336 914 379; x_wconf 82' lang='lat' dir='ltr'>consentientes</span> <span class='ocrx_word' id='word_1_7' title='bbox 935 330 1195 386; x_wconf 83' lang='lat' dir='ltr'>apertissime</span> <span class='ocrx_word' id='word_1_8' title='bbox 1216 326 1365 380; x_wconf 73' lang='lat' dir='ltr'>4quam</span> <span class='ocrx_word' id='word_1_9' title='bbox 1381 321 1638 364; x_wconf 79' lang='lat' dir='ltr'>Christianae</span> <span class='ocrx_word' id='word_1_10' title='bbox 1656 317 1866 361; x_wconf 84' lang='lat' dir='ltr'>doetrinae</span> <span class='ocrx_word' id='word_1_11' title='bbox 1888 326 1935 356; x_wconf 84' lang='lat' dir='ltr'>ao</span> 
     </span>
     <span class='ocr_line' id='line_1_5' title="bbox 395 396 1212 458; baseline -0.021 -6"><span class='ocrx_word' id='word_1_12' title='bbox 395 411 490 452; x_wconf 84' lang='lat' dir='ltr'>fidei</span> <span class='ocrx_word' id='word_1_13' title='bbox 514 405 736 449; x_wconf 85' lang='lat' dir='ltr'>catholicae</span> <span class='ocrx_word' id='word_1_14' title='bbox 757 404 771 427; x_wconf 81' lang='lat'>5</span> <span class='ocrx_word' id='word_1_15' title='bbox 794 414 936 458; x_wconf 80' lang='lat' dir='ltr'>parere</span> <span class='ocrx_word' id='word_1_16' title='bbox 959 396 1169 441; x_wconf 79' lang='lat' dir='ltr'>volentesd</span> <span class='ocrx_word' id='word_1_17' title='bbox 1185 403 1212 436; x_wconf 72' lang='lat'>⁰.</span> 
     </span>
    </p>

    <p class='ocr_par' dir='ltr' id='par_1_5' title="bbox 396 455 1953 1216">
     <span class='ocr_line' id='line_1_6' title="bbox 479 455 1938 526; baseline -0.018 -8"><span class='ocrx_word' id='word_1_18' title='bbox 479 477 562 519; x_wconf 86' lang='lat' dir='ltr'>Alii</span> <span class='ocrx_word' id='word_1_19' title='bbox 591 479 687 516; x_wconf 76' lang='lat' dir='ltr'>sunt</span> <span class='ocrx_word' id='word_1_20' title='bbox 714 473 782 526; x_wconf 84' lang='lat' dir='ltr'>qui</span> <span class='ocrx_word' id='word_1_21' title='bbox 811 473 920 512; x_wconf 83' lang='lat' dir='ltr'>circa</span> <span class='ocrx_word' id='word_1_22' title='bbox 950 465 1371 520; x_wconf 80' lang='lat' dir='ltr'>¹incorporati0nem²²</span> <span class='ocrx_word' id='word_1_23' title='bbox 1398 459 1612 510; x_wconf 84' lang='lat' dir='ltr'>aberrant,</span> <span class='ocrx_word' id='word_1_24' title='bbox 1640 455 1826 497; x_wconf 85' lang='lat' dir='ltr'>dicentes</span> <span class='ocrx_word' id='word_1_25' title='bbox 1854 464 1938 493; x_wconf 90' lang='lat' dir='ltr'>non</span> 
     </span>
     <span class='ocr_line' id='line_1_7' title="bbox 396 520 1938 588; baseline -0.018 0"><span class='ocrx_word' id='word_1_26' title='bbox 396 549 575 588; x_wconf 82' lang='lat' dir='ltr'>animam</span> <span class='ocrx_word' id='word_1_27' title='bbox 596 555 737 584; x_wconf 73' lang='lat' dir='ltr'>veram</span> <span class='ocrx_word' id='word_1_28' title='bbox 758 540 937 582; x_wconf 81' lang='lat' dir='ltr'>hominis</span> <span class='ocrx_word' id='word_1_29' title='bbox 956 534 1198 578; x_wconf 84' lang='lat' dir='ltr'>rationalem</span> <span class='ocrx_word' id='word_1_30' title='bbox 1207 533 1223 555; x_wconf 69' lang='lat'>¹³</span> <span class='ocrx_word' id='word_1_31' title='bbox 1246 530 1454 585; x_wconf 81' lang='lat' dir='ltr'>accepisse</span> <span class='ocrx_word' id='word_1_32' title='bbox 1473 526 1732 577; x_wconf 79' lang='lat' dir='ltr'>salvatorem,</span> <span class='ocrx_word' id='word_1_33' title='bbox 1748 520 1828 564; x_wconf 81' lang='lat' dir='ltr'>&#39;sed</span> <span class='ocrx_word' id='word_1_34' title='bbox 1848 533 1938 561; x_wconf 82' lang='lat' dir='ltr'>cor-</span> 
     </span>
     <span class='ocr_line' id='line_1_8' title="bbox 396 598 1942 671; baseline -0.018 -15"><span class='ocrx_word' id='word_1_35' title='bbox 396 630 472 671; x_wconf 71' lang='lat' dir='ltr'>pus</span> <span class='ocrx_word' id='word_1_36' title='bbox 496 613 629 654; x_wconf 73' lang='lat' dir='ltr'>solum</span> <span class='ocrx_word' id='word_1_37' title='bbox 649 610 851 660; x_wconf 74' lang='lat' dir='ltr'>hominis,</span> <span class='ocrx_word' id='word_1_38' title='bbox 880 611 921 647; x_wconf 84' lang='lat' dir='ltr'>et</span> <span class='ocrx_word' id='word_1_39' title='bbox 947 619 1041 647; x_wconf 82' lang='lat' dir='ltr'>cuni</span> <span class='ocrx_word' id='word_1_40' title='bbox 1063 601 1312 644; x_wconf 85' lang='lat' dir='ltr'>subtrahunt</span> <span class='ocrx_word' id='word_1_41' title='bbox 1332 598 1514 638; x_wconf 83' lang='lat' dir='ltr'>animam</span> <span class='ocrx_word' id='word_1_42' title='bbox 1541 609 1565 635; x_wconf 86' lang='lat' dir='ltr'>a</span> <span class='ocrx_word' id='word_1_43' title='bbox 1585 604 1774 648; x_wconf 80' lang='lat' dir='ltr'>corpore,</span> <span class='ocrx_word' id='word_1_44' title='bbox 1800 601 1942 631; x_wconf 87' lang='lat' dir='ltr'>veram</span> 
     </span>
     <span class='ocr_line' id='line_1_9' title="bbox 399 656 1943 735; baseline -0.018 -11"><span class='ocrx_word' id='word_1_45' title='bbox 399 684 606 735; x_wconf 74' lang='lat' dir='ltr'>denegant</span> <span class='ocrx_word' id='word_1_46' title='bbox 635 679 874 720; x_wconf 76' lang='grc'>211011111111111</span> <span class='ocrx_word' id='word_1_47' title='bbox 906 673 1226 715; x_wconf 44' lang='lat' dir='ltr'>salubritatem&amp;</span> <span class='ocrx_word' id='word_1_48' title='bbox 1280 664 1488 717; x_wconf 83' lang='lat' dir='ltr'>Quomodo</span> <span class='ocrx_word' id='word_1_49' title='bbox 1520 664 1657 716; x_wconf 89' lang='lat' dir='ltr'>itaque</span> <span class='ocrx_word' id='word_1_50' title='bbox 1689 661 1826 715; x_wconf 86' lang='lat' dir='ltr'>potest</span> <span class='ocrx_word' id='word_1_51' title='bbox 1860 656 1943 698; x_wconf 83' lang='lat' dir='ltr'>dici</span> 
     </span>
     <span class='ocr_line' id='line_1_10' title="bbox 399 723 1944 803; baseline -0.019 -10"><span class='ocrx_word' id='word_1_52' title='bbox 399 754 551 803; x_wconf 83' lang='lat' dir='ltr'>anima,</span> <span class='ocrx_word' id='word_1_53' title='bbox 573 762 675 803; x_wconf 81' lang='lat' dir='ltr'>quae</span> <span class='ocrx_word' id='word_1_54' title='bbox 697 760 779 788; x_wconf 89' lang='lat' dir='ltr'>non</span> <span class='ocrx_word' id='word_1_55' title='bbox 801 748 966 798; x_wconf 80' lang='lat' dir='ltr'>sumpta.</span> <span class='ocrx_word' id='word_1_56' title='bbox 982 745 1045 782; x_wconf 71' lang='lat' dir='ltr'>est</span> <span class='ocrx_word' id='word_1_57' title='bbox 1065 754 1088 781; x_wconf 86' lang='lat' dir='ltr'>a</span> <span class='ocrx_word' id='word_1_58' title='bbox 1105 734 1334 779; x_wconf 80' lang='lat' dir='ltr'>salvatore?</span> <span class='ocrx_word' id='word_1_59' title='bbox 1357 747 1450 775; x_wconf 90' lang='lat' dir='ltr'>cum</span> <span class='ocrx_word' id='word_1_60' title='bbox 1467 731 1644 773; x_wconf 87' lang='lat' dir='ltr'>salvator</span> <span class='ocrx_word' id='word_1_61' title='bbox 1661 726 1812 780; x_wconf 71' lang='lat' dir='ltr'>dicat⁶‚</span> <span class='ocrx_word' id='word_1_62' title='bbox 1846 723 1944 767; x_wconf 74' lang='lat' dir='ltr'>Tri-</span> 
     </span>
     <span class='ocr_line' id='line_1_11' title="bbox 399 796 1943 867; baseline -0.019 -5"><span class='ocrx_word' id='word_1_63' title='bbox 399 822 472 862; x_wconf 69' lang='lat' dir='ltr'>stis</span> <span class='ocrx_word' id='word_1_64' title='bbox 494 827 551 861; x_wconf 56' lang='lat' dir='ltr'>eat</span> <span class='ocrx_word' id='word_1_65' title='bbox 572 819 713 858; x_wconf 75' lang='lat' dir='ltr'>anima</span> <span class='ocrx_word' id='word_1_66' title='bbox 733 830 823 856; x_wconf 76' lang='lat' dir='ltr'>mea</span> <span class='ocrx_word' id='word_1_67' title='bbox 845 826 974 867; x_wconf 66' lang='lat' dir='ltr'>usque</span> <span class='ocrx_word' id='word_1_68' title='bbox 998 812 1055 851; x_wconf 77' lang='lat' dir='ltr'>ad</span> <span class='ocrx_word' id='word_1_69' title='bbox 1074 815 1255 849; x_wconf 76' lang='lat' dir='ltr'>mortem.</span> <span class='ocrx_word' id='word_1_70' title='bbox 1287 803 1483 856; x_wconf 86' lang='lat' dir='ltr'>Alioquin</span> <span class='ocrx_word' id='word_1_71' title='bbox 1504 800 1643 841; x_wconf 87' lang='lat' dir='ltr'>anima</span> <span class='ocrx_word' id='word_1_72' title='bbox 1663 796 1745 838; x_wconf 84' lang='lat' dir='ltr'>dici</span> <span class='ocrx_word' id='word_1_73' title='bbox 1765 807 1848 836; x_wconf 90' lang='lat' dir='ltr'>non</span> <span class='ocrx_word' id='word_1_74' title='bbox 1869 806 1943 848; x_wconf 87' lang='lat' dir='ltr'>po-</span> 
     </span>
     <span class='ocr_line' id='line_1_12' title="bbox 400 866 1946 941; baseline -0.019 -10"><span class='ocrx_word' id='word_1_75' title='bbox 400 891 493 941; x_wconf 83' lang='lat' dir='ltr'>tuit,</span> <span class='ocrx_word' id='word_1_76' title='bbox 514 889 594 928; x_wconf 70' lang='lat' dir='ltr'>nisi</span> <span class='ocrx_word' id='word_1_77' title='bbox 617 890 727 927; x_wconf 75' lang='lat' dir='ltr'>osset</span> <span class='ocrx_word' id='word_1_78' title='bbox 754 885 795 924; x_wconf 90' lang='lat' dir='ltr'>in</span> <span class='ocrx_word' id='word_1_79' title='bbox 825 897 870 923; x_wconf 86' lang='lat' dir='ltr'>eo</span> <span class='ocrx_word' id='word_1_80' title='bbox 894 882 1008 922; x_wconf 79' lang='lat' dir='ltr'>cuius</span> <span class='ocrx_word' id='word_1_81' title='bbox 1030 880 1179 919; x_wconf 75' lang='lat' dir='ltr'>³²causa</span> <span class='ocrx_word' id='word_1_82' title='bbox 1200 873 1435 915; x_wconf 75' lang='lat' dir='ltr'>advenerat.</span> <span class='ocrx_word' id='word_1_83' title='bbox 1486 869 1628 922; x_wconf 87' lang='lat' dir='ltr'>Itaque</span> <span class='ocrx_word' id='word_1_84' title='bbox 1650 866 1751 907; x_wconf 82' lang='lat' dir='ltr'>haec</span> <span class='ocrx_word' id='word_1_85' title='bbox 1772 866 1946 916; x_wconf 82' lang='lat' dir='ltr'>utraque</span> 
     </span>
     <span class='ocr_line' id='line_1_13' title="bbox 400 937 1947 1011; baseline -0.02 -11"><span class='ocrx_word' id='word_1_86' title='bbox 400 960 443 999; x_wconf 87' lang='lat' dir='ltr'>in</span> <span class='ocrx_word' id='word_1_87' title='bbox 466 956 770 1011; x_wconf 81' lang='lat' dir='ltr'>comparatione</span> <span class='ocrx_word' id='word_1_88' title='bbox 794 950 1009 992; x_wconf 69' lang='lat' dir='ltr'>salvatoris</span> <span class='ocrx_word' id='word_1_89' title='bbox 1023 979 1033 999; x_wconf 72' lang='lat'>‚</span> <span class='ocrx_word' id='word_1_90' title='bbox 1056 946 1097 987; x_wconf 87' lang='lat' dir='ltr'>id</span> <span class='ocrx_word' id='word_1_91' title='bbox 1119 949 1181 985; x_wconf 75' lang='lat' dir='ltr'>est</span> <span class='ocrx_word' id='word_1_92' title='bbox 1203 955 1350 996; x_wconf 83' lang='lat' dir='ltr'>corpus</span> <span class='ocrx_word' id='word_1_93' title='bbox 1372 939 1483 979; x_wconf 78' lang='lat' dir='ltr'>⁴01·at</span> <span class='ocrx_word' id='word_1_94' title='bbox 1504 942 1545 977; x_wconf 86' lang='lat' dir='ltr'>et</span> <span class='ocrx_word' id='word_1_95' title='bbox 1565 937 1723 986; x_wconf 76' lang='lat' dir='ltr'>anima,</span> <span class='ocrx_word' id='word_1_96' title='bbox 1750 944 1854 986; x_wconf 84' lang='lat' dir='ltr'>quae</span> <span class='ocrx_word' id='word_1_97' title='bbox 1875 943 1947 984; x_wconf 89' lang='lat' dir='ltr'>pro</span> 
     </span>
     <span class='ocr_line' id='line_1_14' title="bbox 401 998 1948 1074; baseline -0.019 -6"><span class='ocrx_word' id='word_1_98' title='bbox 401 1031 545 1068; x_wconf 80' lang='lat' dir='ltr'>nostra</span> <span class='ocrx_word' id='word_1_99' title='bbox 566 1024 696 1065; x_wconf 79' lang='lat' dir='ltr'>salute</span> <span class='ocrx_word' id='word_1_100' title='bbox 720 1021 912 1074; x_wconf 75' lang='lat' dir='ltr'>dignatus</span> <span class='ocrx_word' id='word_1_101' title='bbox 935 1021 997 1057; x_wconf 72' lang='lat' dir='ltr'>est</span> <span class='ocrx_word' id='word_1_102' title='bbox 1018 1026 1192 1056; x_wconf 81' lang='lat' dir='ltr'>sumere.</span> <span class='ocrx_word' id='word_1_103' title='bbox 1226 1012 1338 1051; x_wconf 70' lang='lat' dir='ltr'>Scire</span> <span class='ocrx_word' id='word_1_104' title='bbox 1361 1021 1436 1049; x_wconf 80' lang='lat' dir='ltr'>nos</span> <span class='ocrx_word' id='word_1_105' title='bbox 1460 1005 1653 1048; x_wconf 86' lang='lat' dir='ltr'>convenit</span> <span class='ocrx_word' id='word_1_106' title='bbox 1668 1000 1779 1056; x_wconf 86' lang='lat' dir='ltr'>quod</span> <span class='ocrx_word' id='word_1_107' title='bbox 1799 1003 1841 1040; x_wconf 86' lang='lat' dir='ltr'>et</span> <span class='ocrx_word' id='word_1_108' title='bbox 1859 998 1948 1039; x_wconf 89' lang='lat' dir='ltr'>ani-</span> 
     </span>
     <span class='ocr_line' id='line_1_15' title="bbox 402 1066 1949 1137; baseline -0.019 0"><span class='ocrx_word' id='word_1_109' title='bbox 402 1109 513 1136; x_wconf 83' lang='lat' dir='ltr'>mam</span> <span class='ocrx_word' id='word_1_110' title='bbox 535 1106 674 1134; x_wconf 78' lang='lat' dir='ltr'>veram</span> <span class='ocrx_word' id='word_1_111' title='bbox 695 1089 874 1132; x_wconf 79' lang='lat' dir='ltr'>hominis</span> <span class='ocrx_word' id='word_1_112' title='bbox 897 1086 1055 1137; x_wconf 80' lang='lat' dir='ltr'>habuit⁷</span> <span class='ocrx_word' id='word_1_113' title='bbox 1077 1080 1335 1124; x_wconf 88' lang='lat' dir='ltr'>intellectum</span> <span class='ocrx_word' id='word_1_114' title='bbox 1354 1075 1624 1126; x_wconf 69' lang='lat' dir='ltr'>habenteme,</span> <span class='ocrx_word' id='word_1_115' title='bbox 1646 1075 1688 1112; x_wconf 88' lang='lat' dir='ltr'>et</span> <span class='ocrx_word' id='word_1_116' title='bbox 1707 1081 1855 1124; x_wconf 85' lang='lat' dir='ltr'>corpus</span> <span class='ocrx_word' id='word_1_117' title='bbox 1874 1066 1949 1108; x_wconf 92' lang='lat' dir='ltr'>ho-</span> 
     </span>
     <span class='ocr_line' id='line_1_16' title="bbox 402 1133 1953 1216; baseline -0.02 -10"><span class='ocrx_word' id='word_1_118' title='bbox 402 1165 550 1216; x_wconf 80' lang='lat' dir='ltr'>minis,</span> <span class='ocrx_word' id='word_1_119' title='bbox 583 1173 752 1203; x_wconf 79' lang='lat' dir='ltr'>sensum</span> <span class='ocrx_word' id='word_1_120' title='bbox 784 1155 992 1199; x_wconf 86' lang='lat' dir='ltr'>carnalem</span> <span class='ocrx_word' id='word_1_121' title='bbox 1022 1151 1187 1203; x_wconf 84' lang='lat' dir='ltr'>itidem,</span> <span class='ocrx_word' id='word_1_122' title='bbox 1218 1152 1265 1190; x_wconf 89' lang='lat' dir='ltr'>ut</span> <span class='ocrx_word' id='word_1_123' title='bbox 1292 1150 1333 1188; x_wconf 88' lang='lat' dir='ltr'>et</span> <span class='ocrx_word' id='word_1_124' title='bbox 1364 1144 1501 1187; x_wconf 83' lang='lat' dir='ltr'>dolere</span> <span class='ocrx_word' id='word_1_125' title='bbox 1532 1144 1674 1198; x_wconf 84' lang='lat' dir='ltr'>posset</span> <span class='ocrx_word' id='word_1_126' title='bbox 1700 1133 1892 1193; x_wconf 78' lang='lat' dir='ltr'>corporef</span> <span class='ocrx_word' id='word_1_127' title='bbox 1911 1137 1953 1175; x_wconf 78' lang='lat' dir='ltr'>et</span> 
     </span>
    </p>
   </div>
   <div class='ocr_carea' id='block_1_5' title="bbox 495 1299 1125 1355">
    <p class='ocr_par' dir='ltr' id='par_1_6' title="bbox 495 1299 1125 1355">
     <span class='ocr_line' id='line_1_17' title="bbox 495 1299 1125 1355; baseline -0.022 -11"><span class='ocrx_word' id='word_1_128' title='bbox 495 1311 526 1344; x_wconf 79' lang='lat'>4.</span> <span class='ocrx_word' id='word_1_129' title='bbox 545 1319 650 1355; x_wconf 84' lang='lat' dir='ltr'>quam</span> <span class='ocrx_word' id='word_1_130' title='bbox 667 1320 726 1341; x_wconf 77' lang='lat' dir='ltr'>om.</span> <span class='ocrx_word' id='word_1_131' title='bbox 746 1306 789 1340; x_wconf 82' lang='lat' dir='ltr'>A.</span> <span class='ocrx_word' id='word_1_132' title='bbox 859 1303 890 1337; x_wconf 76' lang='grc' dir='ltr'>ἴ).</span> <span class='ocrx_word' id='word_1_133' title='bbox 908 1311 1062 1347; x_wconf 78' lang='lat' dir='ltr'>pugnare</span> <span class='ocrx_word' id='word_1_134' title='bbox 1081 1299 1125 1331; x_wconf 78' lang='lat' dir='ltr'>A.</span> 
     </span>
    </p>
   </div>
   <div class='ocr_carea' id='block_1_6' title="bbox 408 1337 1957 1440">
    <p class='ocr_par' dir='ltr' id='par_1_7' title="bbox 408 1337 1957 1440">
     <span class='ocr_line' id='line_1_18' title="bbox 497 1337 1955 1400; baseline -0.019 -10"><span class='ocrx_word' id='word_1_135' title='bbox 497 1357 578 1400; x_wconf 82' lang='lat' dir='ltr'>Cap.</span> <span class='ocrx_word' id='word_1_136' title='bbox 595 1353 721 1388; x_wconf 80' lang='lat' dir='ltr'>LXIX.</span> <span class='ocrx_word' id='word_1_137' title='bbox 740 1355 773 1383; x_wconf 70' lang='lat' dir='ltr'>in</span> <span class='ocrx_word' id='word_1_138' title='bbox 796 1351 869 1383; x_wconf 67' lang='lat' dir='ltr'>abc.</span> <span class='ocrx_word' id='word_1_139' title='bbox 892 1350 1087 1391; x_wconf 45' lang='lat' dir='ltr'>sinain-imum</span> <span class='ocrx_word' id='word_1_140' title='bbox 1113 1350 1159 1376; x_wconf 71' lang='lat' dir='ltr'>est</span> <span class='ocrx_word' id='word_1_141' title='bbox 1186 1341 1359 1376; x_wconf 63' lang='lat' dir='ltr'>mmmm</span> <span class='ocrx_word' id='word_1_142' title='bbox 1386 1347 1522 1372; x_wconf 58' lang='lat' dir='ltr'>Asinam</span> <span class='ocrx_word' id='word_1_143' title='bbox 1547 1344 1664 1368; x_wconf 62' lang='lat' dir='ltr'>vanam</span> <span class='ocrx_word' id='word_1_144' title='bbox 1689 1341 1864 1366; x_wconf 71' lang='lat' dir='ltr'>emus-tvm</span> <span class='ocrx_word' id='word_1_145' title='bbox 1886 1337 1955 1363; x_wconf 69' lang='lat' dir='ltr'>non</span> 
     </span>
     <span class='ocr_line' id='line_1_19' title="bbox 408 1375 1957 1440; baseline -0.021 -2"><span class='ocrx_word' id='word_1_146' title='bbox 408 1414 584 1438; x_wconf 71' lang='lat' dir='ltr'>rum-isse.</span> <span class='ocrx_word' id='word_1_147' title='bbox 605 1421 647 1426; x_wconf 90' lang='lat'>—-</span> <span class='ocrx_word' id='word_1_148' title='bbox 683 1400 709 1432; x_wconf 91' lang='lat'>1.</span> <span class='ocrx_word' id='word_1_149' title='bbox 734 1394 1029 1440; x_wconf 79' lang='lat' dir='ltr'>incorruptionem</span> <span class='ocrx_word' id='word_1_150' title='bbox 1045 1392 1090 1424; x_wconf 82' lang='lat' dir='ltr'>A.</span> <span class='ocrx_word' id='word_1_151' title='bbox 1160 1388 1191 1423; x_wconf 88' lang='grc'>2.</span> <span class='ocrx_word' id='word_1_152' title='bbox 1218 1385 1365 1420; x_wconf 78' lang='lat' dir='ltr'>hominis</span> <span class='ocrx_word' id='word_1_153' title='bbox 1383 1384 1427 1418; x_wconf 79' lang='lat' dir='ltr'>A.</span> <span class='ocrx_word' id='word_1_154' title='bbox 1497 1381 1528 1415; x_wconf 86' lang='lat'>3.</span> <span class='ocrx_word' id='word_1_155' title='bbox 1553 1384 1586 1415; x_wconf 84' lang='lat' dir='ltr'>et</span> <span class='ocrx_word' id='word_1_156' title='bbox 1603 1388 1706 1414; x_wconf 87' lang='lat' dir='ltr'>causa</span> <span class='ocrx_word' id='word_1_157' title='bbox 1722 1377 1766 1413; x_wconf 88' lang='lat' dir='ltr'>A.</span> <span class='ocrx_word' id='word_1_158' title='bbox 1835 1375 1866 1409; x_wconf 89' lang='grc'>4.</span> <span class='ocrx_word' id='word_1_159' title='bbox 1885 1376 1957 1408; x_wconf 81' lang='lat' dir='ltr'>erat</span> 
     </span>
    </p>
   </div>
   <div class='ocr_carea' id='block_1_7' title="bbox 410 1450 516 1484">
    <p class='ocr_par' dir='ltr' id='par_1_8' title="bbox 410 1450 516 1484">
     <span class='ocr_line' id='line_1_20' title="bbox 410 1450 516 1484; baseline -0.009 -1"><span class='ocrx_word' id='word_1_160' title='bbox 410 1463 469 1484; x_wconf 82' lang='lat' dir='ltr'>om.</span> <span class='ocrx_word' id='word_1_161' title='bbox 489 1450 516 1482; x_wconf 81' lang='lat' dir='ltr'>b.</span> 
     </span>
    </p>
   </div>
   <div class='ocr_carea' id='block_1_8' title="bbox 408 1561 1173 3118">
    <p class='ocr_par' dir='ltr' id='par_1_9' title="bbox 408 1561 1154 1848">
     <span class='ocr_line' id='line_1_21' title="bbox 455 1561 1149 1619; baseline -0.02 -11"><span class='ocrx_word' id='word_1_162' title='bbox 455 1576 485 1608; x_wconf 89' lang='lat' dir='ltr'>d.</span> <span class='ocrx_word' id='word_1_163' title='bbox 510 1583 627 1619; x_wconf 80' lang='lat' dir='ltr'>parere</span> <span class='ocrx_word' id='word_1_164' title='bbox 645 1569 812 1612; x_wconf 79' lang='lat' dir='ltr'>volentes]</span> <span class='ocrx_word' id='word_1_165' title='bbox 839 1561 1149 1609; x_wconf 62' lang='lat' dir='ltr'>Sangennanensis</span> 
     </span>
     <span class='ocr_line' id='line_1_22' title="bbox 408 1608 1149 1663; baseline -0.02 -8"><span class='ocrx_word' id='word_1_166' title='bbox 408 1622 488 1655; x_wconf 88' lang='lat' dir='ltr'>libri</span> <span class='ocrx_word' id='word_1_167' title='bbox 511 1620 679 1663; x_wconf 74' lang='lat' dir='ltr'>scriptura</span> <span class='ocrx_word' id='word_1_168' title='bbox 701 1616 785 1649; x_wconf 84' lang='lat' dir='ltr'>haec</span> <span class='ocrx_word' id='word_1_169' title='bbox 809 1619 875 1647; x_wconf 86' lang='lat' dir='ltr'>est:</span> <span class='ocrx_word' id='word_1_170' title='bbox 909 1611 1013 1655; x_wconf 77' lang='lat' dir='ltr'>„quia</span> <span class='ocrx_word' id='word_1_171' title='bbox 1036 1621 1055 1642; x_wconf 83' lang='lat' dir='ltr'>a</span> <span class='ocrx_word' id='word_1_172' title='bbox 1078 1608 1149 1641; x_wconf 84' lang='lat' dir='ltr'>filio</span> 
     </span>
     <span class='ocr_line' id='line_1_23' title="bbox 411 1653 1154 1709; baseline -0.022 -8"><span class='ocrx_word' id='word_1_173' title='bbox 411 1670 539 1701; x_wconf 83' lang='lat' dir='ltr'>factus:</span> <span class='ocrx_word' id='word_1_174' title='bbox 565 1663 730 1709; x_wconf 74' lang='lat' dir='ltr'>impietati</span> <span class='ocrx_word' id='word_1_175' title='bbox 747 1669 902 1705; x_wconf 80' lang='lat' dir='ltr'>paganae</span> <span class='ocrx_word' id='word_1_176' title='bbox 927 1661 961 1690; x_wconf 90' lang='lat' dir='ltr'>et</span> <span class='ocrx_word' id='word_1_177' title='bbox 982 1653 1154 1699; x_wconf 84' lang='lat' dir='ltr'>iniquitati</span> 
     </span>
     <span class='ocr_line' id='line_1_24' title="bbox 411 1700 1153 1747; baseline -0.022 -1"><span class='ocrx_word' id='word_1_178' title='bbox 411 1713 568 1746; x_wconf 80' lang='lat' dir='ltr'>Iudaicae</span> <span class='ocrx_word' id='word_1_179' title='bbox 618 1707 887 1745; x_wconf 74' lang='lat' dir='ltr'>consentientes,</span> <span class='ocrx_word' id='word_1_180' title='bbox 938 1700 1153 1747; x_wconf 82' lang='lat' dir='ltr'>apertissime</span> 
     </span>
     <span class='ocr_line' id='line_1_25' title="bbox 412 1744 1153 1792; baseline -0.02 0"><span class='ocrx_word' id='word_1_181' title='bbox 412 1757 626 1792; x_wconf 79' lang='lat' dir='ltr'>Christianae</span> <span class='ocrx_word' id='word_1_182' title='bbox 649 1753 821 1786; x_wconf 67' lang='lat' dir='ltr'>doctrinae</span> <span class='ocrx_word' id='word_1_183' title='bbox 846 1760 884 1783; x_wconf 87' lang='lat' dir='ltr'>ac</span> <span class='ocrx_word' id='word_1_184' title='bbox 907 1748 985 1782; x_wconf 82' lang='lat' dir='ltr'>fidei</span> <span class='ocrx_word' id='word_1_185' title='bbox 1013 1744 1153 1779; x_wconf 87' lang='lat' dir='ltr'>catholi-</span> 
     </span>
     <span class='ocr_line' id='line_1_26' title="bbox 414 1795 847 1848; baseline -0.023 -10"><span class='ocrx_word' id='word_1_186' title='bbox 414 1815 473 1837; x_wconf 83' lang='lat' dir='ltr'>cae</span> <span class='ocrx_word' id='word_1_187' title='bbox 490 1811 646 1848; x_wconf 68' lang='lat' dir='ltr'>pugnare</span> <span class='ocrx_word' id='word_1_188' title='bbox 663 1795 847 1831; x_wconf 84' lang='lat' dir='ltr'>volentes.&#39;’</span> 
     </span>
    </p>

    <p class='ocr_par' dir='ltr' id='par_1_10' title="bbox 416 1835 1154 1982">
     <span class='ocr_line' id='line_1_27' title="bbox 461 1835 1152 1892; baseline -0.02 -11"><span class='ocrx_word' id='word_1_189' title='bbox 461 1860 488 1881; x_wconf 80' lang='lat' dir='ltr'>e.</span> <span class='ocrx_word' id='word_1_190' title='bbox 513 1857 632 1892; x_wconf 83' lang='lat' dir='ltr'>parere</span> <span class='ocrx_word' id='word_1_191' title='bbox 653 1843 822 1883; x_wconf 77' lang='lat' dir='ltr'>volentes]</span> <span class='ocrx_word' id='word_1_192' title='bbox 854 1840 910 1873; x_wconf 76' lang='lat' dir='ltr'>Sic</span> <span class='ocrx_word' id='word_1_193' title='bbox 933 1848 1037 1883; x_wconf 75' lang='lat' dir='ltr'>supra</span> <span class='ocrx_word' id='word_1_194' title='bbox 1054 1848 1081 1869; x_wconf 88' lang='lat' dir='ltr'>c.</span> <span class='ocrx_word' id='word_1_195' title='bbox 1099 1835 1152 1868; x_wconf 69' lang='lat'>57.</span> 
     </span>
     <span class='ocr_line' id='line_1_28' title="bbox 416 1888 1154 1929; baseline -0.02 -1"><span class='ocrx_word' id='word_1_196' title='bbox 416 1895 456 1927; x_wconf 83' lang='lat' dir='ltr'>de</span> <span class='ocrx_word' id='word_1_197' title='bbox 470 1892 654 1927; x_wconf 84' lang='lat' dir='ltr'>Florianis:</span> <span class='ocrx_word' id='word_1_198' title='bbox 676 1888 987 1929; x_wconf 65' lang='lat' dir='ltr'>.,Inclae&#39;snzopotius</span> <span class='ocrx_word' id='word_1_199' title='bbox 1004 1890 1154 1927; x_wconf 65' lang='lat' dir='ltr'>etpaya-</span> 
     </span>
     <span class='ocr_line' id='line_1_29' title="bbox 417 1928 1065 1982; baseline -0.019 -9"><span class='ocrx_word' id='word_1_200' title='bbox 417 1942 520 1973; x_wconf 68' lang='lat' dir='ltr'>nitati</span> <span class='ocrx_word' id='word_1_201' title='bbox 530 1948 658 1982; x_wconf 72' lang='lat' dir='ltr'>parere</span> <span class='ocrx_word' id='word_1_202' title='bbox 677 1932 864 1978; x_wconf 72' lang='lat' dir='ltr'>nefandae’⁷</span> <span class='ocrx_word' id='word_1_203' title='bbox 883 1935 943 1964; x_wconf 76' lang='lat' dir='ltr'>etc.</span> <span class='ocrx_word' id='word_1_204' title='bbox 991 1928 1065 1971; x_wconf 86' lang='lat' dir='ltr'>(F.)</span> 
     </span>
    </p>

    <p class='ocr_par' dir='ltr' id='par_1_11' title="bbox 418 1973 1160 2207">
     <span class='ocr_line' id='line_1_30' title="bbox 463 1973 1156 2029; baseline -0.019 -11"><span class='ocrx_word' id='word_1_205' title='bbox 463 1984 545 2029; x_wconf 85' lang='lat' dir='ltr'>Cap.</span> <span class='ocrx_word' id='word_1_206' title='bbox 562 1981 687 2016; x_wconf 75' lang='lat' dir='ltr'>LXIX.</span> <span class='ocrx_word' id='word_1_207' title='bbox 702 1999 744 2003; x_wconf 93' lang='lat'><strong>—</strong></span> <span class='ocrx_word' id='word_1_208' title='bbox 761 1990 790 2011; x_wconf 88' lang='lat' dir='ltr'>a.</span> <span class='ocrx_word' id='word_1_209' title='bbox 809 1977 899 2010; x_wconf 75' lang='lat' dir='ltr'>cirea</span> <span class='ocrx_word' id='word_1_210' title='bbox 914 1973 1156 2019; x_wconf 86' lang='lat' dir='ltr'>incorporatio-</span> 
     </span>
     <span class='ocr_line' id='line_1_31' title="bbox 418 2017 1157 2073; baseline -0.022 -8"><span class='ocrx_word' id='word_1_211' title='bbox 418 2032 513 2073; x_wconf 81' lang='lat' dir='ltr'>nem]</span> <span class='ocrx_word' id='word_1_212' title='bbox 550 2026 641 2070; x_wconf 48' lang='lat' dir='ltr'>„Tffiv</span> <span class='ocrx_word' id='word_1_213' title='bbox 671 2022 908 2068; x_wconf 71' lang='grc' dir='ltr'>ἐνανΟρώπησιν</span> <span class='ocrx_word' id='word_1_214' title='bbox 938 2023 994 2052; x_wconf 76' lang='grc' dir='ltr'>τοῦ</span> <span class='ocrx_word' id='word_1_215' title='bbox 1022 2017 1157 2063; x_wconf 49' lang='grc' dir='ltr'>λάμ-αἶ’</span> 
     </span>
     <span class='ocr_line' id='line_1_32' title="bbox 421 2064 1160 2119; baseline -0.019 -10"><span class='ocrx_word' id='word_1_216' title='bbox 421 2075 771 2119; x_wconf 74' lang='lat' dir='ltr'>[Concorporationem</span> <span class='ocrx_word' id='word_1_217' title='bbox 794 2068 890 2101; x_wconf 84' lang='lat' dir='ltr'>verbi</span> <span class='ocrx_word' id='word_1_218' title='bbox 913 2066 966 2099; x_wconf 84' lang='lat' dir='ltr'>dei</span> <span class='ocrx_word' id='word_1_219' title='bbox 988 2077 1019 2110; x_wconf 89' lang='lat' dir='ltr'>p.</span> <span class='ocrx_word' id='word_1_220' title='bbox 1034 2064 1108 2097; x_wconf 71' lang='lat'>(337.</span> <span class='ocrx_word' id='word_1_221' title='bbox 1127 2067 1160 2096; x_wconf 83' lang='lat' dir='ltr'>et</span> 
     </span>
     <span class='ocr_line' id='line_1_33' title="bbox 421 2108 1158 2166; baseline -0.019 -11"><span class='ocrx_word' id='word_1_222' title='bbox 421 2122 686 2166; x_wconf 68' lang='lat' dir='ltr'>corporationem</span> <span class='ocrx_word' id='word_1_223' title='bbox 714 2114 868 2161; x_wconf 85' lang='lat' dir='ltr'>pluribus</span> <span class='ocrx_word' id='word_1_224' title='bbox 896 2112 981 2145; x_wconf 83' lang='lat' dir='ltr'>locis</span> <span class='ocrx_word' id='word_1_225' title='bbox 1004 2114 1102 2143; x_wconf 82' lang='lat' dir='ltr'>vocat</span> <span class='ocrx_word' id='word_1_226' title='bbox 1124 2108 1158 2142; x_wconf 82' lang='lat' dir='ltr'>S.</span> 
     </span>
     <span class='ocr_line' id='line_1_34' title="bbox 420 2162 718 2207; baseline -0.023 -6"><span class='ocrx_word' id='word_1_227' title='bbox 420 2166 594 2207; x_wconf 71' lang='lat' dir='ltr'>Hilarius]</span> <span class='ocrx_word' id='word_1_228' title='bbox 644 2162 718 2204; x_wconf 87' lang='lat' dir='ltr'><em>(F.)</em></span> 
     </span>
    </p>

    <p class='ocr_par' dir='ltr' id='par_1_12' title="bbox 419 2200 1173 3118">
     <span class='ocr_line' id='line_1_35' title="bbox 466 2200 1159 2245; baseline -0.02 0"><span class='ocrx_word' id='word_1_229' title='bbox 466 2213 498 2245; x_wconf 87' lang='lat' dir='ltr'>b.</span> <span class='ocrx_word' id='word_1_230' title='bbox 524 2210 676 2244; x_wconf 88' lang='lat' dir='ltr'>animam</span> <span class='ocrx_word' id='word_1_231' title='bbox 699 2217 815 2240; x_wconf 83' lang='lat' dir='ltr'>veram</span> <span class='ocrx_word' id='word_1_232' title='bbox 837 2202 985 2237; x_wconf 85' lang='lat' dir='ltr'>hominis</span> <span class='ocrx_word' id='word_1_233' title='bbox 1014 2200 1159 2233; x_wconf 87' lang='lat' dir='ltr'>rationa-</span> 
     </span>
     <span class='ocr_line' id='line_1_36' title="bbox 419 2248 1160 2301; baseline -0.02 -10"><span class='ocrx_word' id='word_1_234' title='bbox 419 2259 502 2301; x_wconf 91' lang='lat' dir='ltr'>lem]</span> <span class='ocrx_word' id='word_1_235' title='bbox 521 2257 670 2289; x_wconf 87' lang='lat' dir='ltr'>Tantum</span> <span class='ocrx_word' id='word_1_236' title='bbox 683 2262 806 2297; x_wconf 78' lang='lat' dir='ltr'>corpus</span> <span class='ocrx_word' id='word_1_237' title='bbox 817 2250 890 2283; x_wconf 88' lang='lat' dir='ltr'>sine</span> <span class='ocrx_word' id='word_1_238' title='bbox 903 2248 1017 2281; x_wconf 74' lang='lat' dir='ltr'>anima</span> <span class='ocrx_word' id='word_1_239' title='bbox 1029 2256 1160 2278; x_wconf 89' lang='lat' dir='ltr'>assum-</span> 
     </span>
     <span class='ocr_line' id='line_1_37' title="bbox 422 2291 1162 2345; baseline -0.02 -8"><span class='ocrx_word' id='word_1_240' title='bbox 422 2308 497 2337; x_wconf 87' lang='lat' dir='ltr'>tum</span> <span class='ocrx_word' id='word_1_241' title='bbox 514 2313 534 2335; x_wconf 86' lang='lat' dir='ltr'>a</span> <span class='ocrx_word' id='word_1_242' title='bbox 549 2301 661 2345; x_wconf 74' lang='grc' dir='ltr'>λόγῳ,</span> <span class='ocrx_word' id='word_1_243' title='bbox 678 2303 712 2332; x_wconf 86' lang='lat' dir='ltr'>et</span> <span class='ocrx_word' id='word_1_244' title='bbox 726 2299 802 2331; x_wconf 88' lang='lat' dir='ltr'>loco</span> <span class='ocrx_word' id='word_1_245' title='bbox 820 2295 954 2329; x_wconf 83' lang='lat' dir='ltr'>animae</span> <span class='ocrx_word' id='word_1_246' title='bbox 971 2291 1038 2336; x_wconf 86' lang='lat' dir='ltr'>ipsi</span> <span class='ocrx_word' id='word_1_247' title='bbox 1053 2291 1162 2324; x_wconf 87' lang='lat' dir='ltr'>fuisse</span> 
     </span>
     <span class='ocr_line' id='line_1_38' title="bbox 422 2336 1160 2393; baseline -0.02 -12"><span class='ocrx_word' id='word_1_248' title='bbox 422 2349 536 2393; x_wconf 80' lang='grc' dir='ltr'>λόγον,</span> <span class='ocrx_word' id='word_1_249' title='bbox 547 2347 737 2380; x_wconf 84' lang='lat' dir='ltr'>docuerunt</span> <span class='ocrx_word' id='word_1_250' title='bbox 749 2341 877 2381; x_wconf 81' lang='lat' dir='ltr'>Ariani,</span> <span class='ocrx_word' id='word_1_251' title='bbox 888 2350 956 2373; x_wconf 87' lang='lat' dir='ltr'>non</span> <span class='ocrx_word' id='word_1_252' title='bbox 965 2338 1037 2382; x_wconf 88' lang='lat' dir='ltr'>ipse</span> <span class='ocrx_word' id='word_1_253' title='bbox 1048 2336 1160 2376; x_wconf 87' lang='lat' dir='ltr'>Arius,</span> 
     </span>
     <span class='ocr_line' id='line_1_39' title="bbox 424 2381 1161 2427; baseline -0.022 1"><span class='ocrx_word' id='word_1_254' title='bbox 424 2395 455 2427; x_wconf 87' lang='lat' dir='ltr'>si</span> <span class='ocrx_word' id='word_1_255' title='bbox 470 2393 578 2427; x_wconf 90' lang='lat' dir='ltr'>Mario</span> <span class='ocrx_word' id='word_1_256' title='bbox 595 2389 780 2424; x_wconf 87' lang='lat' dir='ltr'>Mercatori</span> <span class='ocrx_word' id='word_1_257' title='bbox 793 2387 895 2420; x_wconf 83' lang='lat' dir='ltr'>fides:</span> <span class='ocrx_word' id='word_1_258' title='bbox 914 2387 1064 2417; x_wconf 81' lang='lat' dir='ltr'>attamen</span> <span class='ocrx_word' id='word_1_259' title='bbox 1081 2381 1161 2414; x_wconf 84' lang='lat' dir='ltr'>Ario</span> 
     </span>
     <span class='ocr_line' id='line_1_40' title="bbox 424 2427 1164 2473; baseline -0.022 0"><span class='ocrx_word' id='word_1_260' title='bbox 424 2440 489 2473; x_wconf 80' lang='lat' dir='ltr'>hoe</span> <span class='ocrx_word' id='word_1_261' title='bbox 517 2437 638 2471; x_wconf 81' lang='lat' dir='ltr'>tribuit</span> <span class='ocrx_word' id='word_1_262' title='bbox 661 2435 695 2469; x_wconf 83' lang='lat' dir='ltr'>S.</span> <span class='ocrx_word' id='word_1_263' title='bbox 719 2431 930 2467; x_wconf 81' lang='lat' dir='ltr'>Athanasius</span> <span class='ocrx_word' id='word_1_264' title='bbox 949 2429 989 2461; x_wconf 87' lang='lat' dir='ltr'>de</span> <span class='ocrx_word' id='word_1_265' title='bbox 1006 2427 1164 2460; x_wconf 84' lang='lat' dir='ltr'>Adventu</span> 
     </span>
     <span class='ocr_line' id='line_1_41' title="bbox 426 2471 1165 2530; baseline -0.024 -11"><span class='ocrx_word' id='word_1_266' title='bbox 426 2484 567 2518; x_wconf 85' lang='lat' dir='ltr'>Christi:</span> <span class='ocrx_word' id='word_1_267' title='bbox 604 2479 749 2526; x_wconf 73' lang='lat' dir='ltr'>„&#39;&#39;Apet0;</span> <span class='ocrx_word' id='word_1_268' title='bbox 774 2477 807 2511; x_wconf 79' lang='grc' dir='ltr'>δὲ</span> <span class='ocrx_word' id='word_1_269' title='bbox 833 2474 936 2530; x_wconf 46' lang='grc' dir='ltr'>σάρκα</span> <span class='ocrx_word' id='word_1_270' title='bbox 961 2474 1060 2517; x_wconf 74' lang='grc' dir='ltr'>μόνην</span> <span class='ocrx_word' id='word_1_271' title='bbox 1084 2471 1165 2516; x_wconf 64' lang='grc' dir='ltr'>πρὸς</span> 
     </span>
     <span class='ocr_line' id='line_1_42' title="bbox 427 2517 1166 2574; baseline -0.02 -11"><span class='ocrx_word' id='word_1_272' title='bbox 427 2527 615 2574; x_wconf 68' lang='grc' dir='ltr'>ἀποκρυφὴν</span> <span class='ocrx_word' id='word_1_273' title='bbox 632 2528 687 2568; x_wconf 79' lang='grc' dir='ltr'>τῆς</span> <span class='ocrx_word' id='word_1_274' title='bbox 706 2525 855 2565; x_wconf 82' lang='grc' dir='ltr'>θεότητος</span> <span class='ocrx_word' id='word_1_275' title='bbox 874 2517 1062 2565; x_wconf 71' lang='grc' dir='ltr'>ομολογεῖ.”</span> <span class='ocrx_word' id='word_1_276' title='bbox 1085 2517 1166 2550; x_wconf 88' lang='lat' dir='ltr'>Ario</span> 
     </span>
     <span class='ocr_line' id='line_1_43' title="bbox 428 2562 1167 2609; baseline -0.023 1"><span class='ocrx_word' id='word_1_277' title='bbox 428 2580 462 2609; x_wconf 84' lang='lat' dir='ltr'>et</span> <span class='ocrx_word' id='word_1_278' title='bbox 477 2573 646 2609; x_wconf 90' lang='lat' dir='ltr'>Eunomio</span> <span class='ocrx_word' id='word_1_279' title='bbox 663 2569 897 2605; x_wconf 86' lang='lat' dir='ltr'>Theodoretus</span> <span class='ocrx_word' id='word_1_280' title='bbox 910 2565 950 2599; x_wconf 85' lang='lat' dir='ltr'>V.</span> <span class='ocrx_word' id='word_1_281' title='bbox 967 2564 1017 2597; x_wconf 92' lang='grc'>11.</span> <span class='ocrx_word' id='word_1_282' title='bbox 1033 2563 1072 2595; x_wconf 84' lang='grc'>(10</span> <span class='ocrx_word' id='word_1_283' title='bbox 1081 2562 1167 2595; x_wconf 84' lang='grc' dir='ltr'><strong>Η30-</strong></span> 
     </span>
     <span class='ocr_line' id='line_1_44' title="bbox 426 2606 1168 2662; baseline -0.026 -6"><span class='ocrx_word' id='word_1_284' title='bbox 426 2625 489 2655; x_wconf 86' lang='lat' dir='ltr'>ret.</span> <span class='ocrx_word' id='word_1_285' title='bbox 505 2620 587 2654; x_wconf 82' lang='lat' dir='ltr'>Fab.</span> <span class='ocrx_word' id='word_1_286' title='bbox 608 2616 698 2662; x_wconf 60' lang='lat' dir='ltr'>„napi</span> <span class='ocrx_word' id='word_1_287' title='bbox 720 2617 775 2657; x_wconf 86' lang='grc' dir='ltr'>τῆς</span> <span class='ocrx_word' id='word_1_288' title='bbox 799 2615 856 2646; x_wconf 79' lang='grc' dir='ltr'>τοῦ</span> <span class='ocrx_word' id='word_1_289' title='bbox 875 2612 1020 2654; x_wconf 80' lang='grc' dir='ltr'>σωτῆρος</span> <span class='ocrx_word' id='word_1_290' title='bbox 1044 2606 1168 2640; x_wconf 79' lang='grc' dir='ltr'>οἰκονο-</span> 
     </span>
     <span class='ocr_line' id='line_1_45' title="bbox 431 2651 1168 2712; baseline -0.022 -13"><span class='ocrx_word' id='word_1_291' title='bbox 431 2666 514 2712; x_wconf 77' lang='grc' dir='ltr'><strong>μίας.</strong></span> <span class='ocrx_word' id='word_1_292' title='bbox 539 2662 666 2708; x_wconf 74' lang='grc' dir='ltr'>’Ἄρειος</span> <span class='ocrx_word' id='word_1_293' title='bbox 691 2660 725 2693; x_wconf 79' lang='grc' dir='ltr'>δὲ</span> <span class='ocrx_word' id='word_1_294' title='bbox 741 2659 794 2692; x_wconf 76' lang='grc' dir='ltr'>καὶ</span> <span class='ocrx_word' id='word_1_295' title='bbox 810 2657 980 2699; x_wconf 78' lang='grc' dir='ltr'>Ἐυνόμιος</span> <span class='ocrx_word' id='word_1_296' title='bbox 998 2655 1095 2698; x_wconf 77' lang='grc' dir='ltr'>σῶμα</span> <span class='ocrx_word' id='word_1_297' title='bbox 1113 2651 1168 2697; x_wconf 77' lang='grc' dir='ltr'>μὲν</span> 
     </span>
     <span class='ocr_line' id='line_1_46' title="bbox 431 2697 1169 2754; baseline -0.023 -9"><span class='ocrx_word' id='word_1_298' title='bbox 431 2711 529 2745; x_wconf 70' lang='grc' dir='ltr'>αὐτὸν</span> <span class='ocrx_word' id='word_1_299' title='bbox 553 2708 672 2754; x_wconf 78' lang='grc' dir='ltr'>ἔφασαν</span> <span class='ocrx_word' id='word_1_300' title='bbox 698 2704 874 2747; x_wconf 50' lang='grc' dir='ltr'>εἰληπέναι,</span> <span class='ocrx_word' id='word_1_301' title='bbox 897 2701 953 2744; x_wconf 77' lang='grc' dir='ltr'>τὴν</span> <span class='ocrx_word' id='word_1_302' title='bbox 977 2699 1112 2740; x_wconf 78' lang='grc' dir='ltr'>θεότητα</span> <span class='ocrx_word' id='word_1_303' title='bbox 1135 2697 1169 2729; x_wconf 77' lang='grc' dir='ltr'>δὲ</span> 
     </span>
     <span class='ocr_line' id='line_1_47' title="bbox 430 2721 1168 2802; baseline -0.02 -12"><span class='ocrx_word' id='word_1_304' title='bbox 430 2759 486 2800; x_wconf 81' lang='grc' dir='ltr'>τῆς</span> <span class='ocrx_word' id='word_1_305' title='bbox 504 2757 608 2802; x_wconf 77' lang='grc' dir='ltr'>ψυχῆς</span> <span class='ocrx_word' id='word_1_306' title='bbox 625 2721 831 2796; x_wconf 42' lang='grc' dir='ltr'>ἐνηργηκεξκαι</span> <span class='ocrx_word' id='word_1_307' title='bbox 846 2745 989 2793; x_wconf 46' lang='grc' dir='ltr'>χρείανΫ</span> <span class='ocrx_word' id='word_1_308' title='bbox 1022 2743 1168 2777; x_wconf 84' lang='lat' dir='ltr'>Rufinus</span> 
     </span>
     <span class='ocr_line' id='line_1_48' title="bbox 431 2788 1170 2837; baseline -0.023 0"><span class='ocrx_word' id='word_1_309' title='bbox 431 2801 645 2837; x_wconf 83' lang='lat' dir='ltr'>Palaestinus</span> <span class='ocrx_word' id='word_1_310' title='bbox 663 2798 705 2830; x_wconf 85' lang='lat' dir='ltr'>de</span> <span class='ocrx_word' id='word_1_311' title='bbox 713 2796 795 2830; x_wconf 86' lang='lat' dir='ltr'>Fide</span> <span class='ocrx_word' id='word_1_312' title='bbox 812 2795 850 2828; x_wconf 88' lang='grc' dir='ltr'>Τ.</span> <span class='ocrx_word' id='word_1_313' title='bbox 863 2794 891 2826; x_wconf 88' lang='lat' dir='ltr'>l.</span> <span class='ocrx_word' id='word_1_314' title='bbox 902 2788 1170 2836; x_wconf 83' lang='lat' dir='ltr'>Opp.Si1-mondi</span> 
     </span>
     <span class='ocr_line' id='line_1_49' title="bbox 432 2839 1170 2894; baseline -0.026 -11"><span class='ocrx_word' id='word_1_315' title='bbox 432 2861 466 2894; x_wconf 88' lang='lat' dir='ltr'>p.</span> <span class='ocrx_word' id='word_1_316' title='bbox 483 2847 559 2881; x_wconf 83' lang='lat'>309.</span> <span class='ocrx_word' id='word_1_317' title='bbox 586 2844 644 2884; x_wconf 75' lang='lat' dir='ltr'>„Si</span> <span class='ocrx_word' id='word_1_318' title='bbox 660 2843 683 2876; x_wconf 89' lang='grc' dir='ltr'><em>Ι</em></span> <span class='ocrx_word' id='word_1_319' title='bbox 683 2854 754 2875; x_wconf 76' lang='lat' dir='ltr'>esus</span> <span class='ocrx_word' id='word_1_320' title='bbox 772 2840 926 2873; x_wconf 71' lang='lat' dir='ltr'>Christus</span> <span class='ocrx_word' id='word_1_321' title='bbox 943 2839 1091 2869; x_wconf 82' lang='lat' dir='ltr'>animam</span> <span class='ocrx_word' id='word_1_322' title='bbox 1108 2846 1170 2866; x_wconf 76' lang='lat' dir='ltr'>mm</span> 
     </span>
     <span class='ocr_line' id='line_1_50' title="bbox 435 2880 1170 2932; baseline -0.023 -5"><span class='ocrx_word' id='word_1_323' title='bbox 435 2894 612 2932; x_wconf 72' lang='lat' dir='ltr'>habuisset,</span> <span class='ocrx_word' id='word_1_324' title='bbox 620 2888 843 2930; x_wconf 63' lang='lat' dir='ltr'>sicutmffarii</span> <span class='ocrx_word' id='word_1_325' title='bbox 852 2886 964 2917; x_wconf 74' lang='lat' dir='ltr'>aestim</span> <span class='ocrx_word' id='word_1_326' title='bbox 971 2880 1170 2919; x_wconf 75' lang='lat' dir='ltr'>antAriani,</span> 
     </span>
     <span class='ocr_line' id='line_1_51' title="bbox 436 2927 1173 2975; baseline -0.023 -2"><span class='ocrx_word' id='word_1_327' title='bbox 436 2945 497 2972; x_wconf 80' lang='lat' dir='ltr'>aut</span> <span class='ocrx_word' id='word_1_328' title='bbox 509 2948 626 2971; x_wconf 71' lang='lat' dir='ltr'>rursus</span> <span class='ocrx_word' id='word_1_329' title='bbox 643 2936 790 2967; x_wconf 81' lang='lat' dir='ltr'>animam</span> <span class='ocrx_word' id='word_1_330' title='bbox 804 2931 931 2975; x_wconf 78' lang='lat' dir='ltr'>quidem</span> <span class='ocrx_word' id='word_1_331' title='bbox 945 2927 1123 2964; x_wconf 72' lang='lat' dir='ltr'>habuisset,</span> <span class='ocrx_word' id='word_1_332' title='bbox 1141 2930 1173 2956; x_wconf 80' lang='lat' dir='ltr'>et</span> 
     </span>
     <span class='ocr_line' id='line_1_52' title="bbox 435 2971 1170 3018; baseline -0.023 0"><span class='ocrx_word' id='word_1_333' title='bbox 435 2997 499 3018; x_wconf 76' lang='lat' dir='ltr'>non</span> <span class='ocrx_word' id='word_1_334' title='bbox 513 2990 620 3017; x_wconf 83' lang='lat' dir='ltr'>tamen</span> <span class='ocrx_word' id='word_1_335' title='bbox 632 2978 877 3016; x_wconf 74' lang='lat' dir='ltr'>rationabilem,</span> <span class='ocrx_word' id='word_1_336' title='bbox 894 2977 981 3007; x_wconf 77' lang='lat' dir='ltr'>sicut</span> <span class='ocrx_word' id='word_1_337' title='bbox 992 2971 1170 3017; x_wconf 76' lang='lat' dir='ltr'>Apollina-</span> 
     </span>
     <span class='ocr_line' id='line_1_53' title="bbox 436 3017 1170 3073; baseline -0.022 -10"><span class='ocrx_word' id='word_1_338' title='bbox 436 3034 486 3062; x_wconf 83' lang='lat' dir='ltr'>ris</span> <span class='ocrx_word' id='word_1_339' title='bbox 503 3028 652 3073; x_wconf 76' lang='lat' dir='ltr'>definivit</span> <span class='ocrx_word' id='word_1_340' title='bbox 665 3026 852 3062; x_wconf 79' lang='lat' dir='ltr'>insaniens,</span> <span class='ocrx_word' id='word_1_341' title='bbox 874 3030 1039 3063; x_wconf 75' lang='lat' dir='ltr'>nunquam</span> <span class='ocrx_word' id='word_1_342' title='bbox 1056 3017 1170 3062; x_wconf 80' lang='lat' dir='ltr'>profe-</span> 
     </span>
     <span class='ocr_line' id='line_1_54' title="bbox 439 3060 1171 3118; baseline -0.02 -9"><span class='ocrx_word' id='word_1_343' title='bbox 439 3081 488 3109; x_wconf 82' lang='lat' dir='ltr'>cto</span> <span class='ocrx_word' id='word_1_344' title='bbox 505 3074 677 3118; x_wconf 78' lang='lat' dir='ltr'>sapientia</span> <span class='ocrx_word' id='word_1_345' title='bbox 688 3070 855 3115; x_wconf 81' lang='lat' dir='ltr'>proficere</span> <span class='ocrx_word' id='word_1_346' title='bbox 872 3063 1042 3111; x_wconf 82' lang='lat' dir='ltr'>poterat.&#39;&#39;</span> <span class='ocrx_word' id='word_1_347' title='bbox 1078 3060 1171 3096; x_wconf 79' lang='lat' dir='ltr'>Idem</span> 
     </span>
    </p>
   </div>
   <div class='ocr_carea' id='block_1_9' title="bbox 1219 1543 1975 3104">
    <p class='ocr_par' dir='ltr' id='par_1_13' title="bbox 1219 1543 1960 1785">
     <span class='ocr_line' id='line_1_55' title="bbox 1219 1543 1959 1596; baseline -0.019 -4"><span class='ocrx_word' id='word_1_348' title='bbox 1219 1556 1353 1592; x_wconf 83' lang='lat' dir='ltr'>Arianis</span> <span class='ocrx_word' id='word_1_349' title='bbox 1370 1554 1527 1588; x_wconf 85' lang='lat' dir='ltr'>tribuunt</span> <span class='ocrx_word' id='word_1_350' title='bbox 1541 1548 1753 1596; x_wconf 86' lang='lat' dir='ltr'>Epiphanius</span> <span class='ocrx_word' id='word_1_351' title='bbox 1765 1545 1892 1582; x_wconf 87' lang='lat' dir='ltr'>LXIX.</span> <span class='ocrx_word' id='word_1_352' title='bbox 1907 1543 1959 1578; x_wconf 84' lang='lat'>19.</span> 
     </span>
     <span class='ocr_line' id='line_1_56' title="bbox 1221 1590 1959 1646; baseline -0.019 -9"><span class='ocrx_word' id='word_1_353' title='bbox 1221 1609 1252 1637; x_wconf 85' lang='lat' dir='ltr'>et</span> <span class='ocrx_word' id='word_1_354' title='bbox 1271 1614 1314 1636; x_wconf 85' lang='lat' dir='ltr'>ex</span> <span class='ocrx_word' id='word_1_355' title='bbox 1331 1599 1520 1646; x_wconf 86' lang='lat' dir='ltr'>Epiphanio</span> <span class='ocrx_word' id='word_1_356' title='bbox 1538 1594 1752 1641; x_wconf 84' lang='lat' dir='ltr'>Augustinus</span> <span class='ocrx_word' id='word_1_357' title='bbox 1769 1596 1804 1626; x_wconf 86' lang='lat' dir='ltr'>et</span> <span class='ocrx_word' id='word_1_358' title='bbox 1817 1590 1959 1626; x_wconf 87' lang='lat' dir='ltr'>Praede-</span> 
     </span>
     <span class='ocr_line' id='line_1_57' title="bbox 1221 1640 1960 1683; baseline -0.02 0"><span class='ocrx_word' id='word_1_359' title='bbox 1221 1648 1338 1683; x_wconf 84' lang='lat' dir='ltr'>stinati</span> <span class='ocrx_word' id='word_1_360' title='bbox 1354 1647 1482 1680; x_wconf 86' lang='lat' dir='ltr'>Auctor</span> <span class='ocrx_word' id='word_1_361' title='bbox 1498 1641 1632 1677; x_wconf 86' lang='lat' dir='ltr'>haeresi</span> <span class='ocrx_word' id='word_1_362' title='bbox 1647 1640 1701 1674; x_wconf 83' lang='lat'>49.</span> <span class='ocrx_word' id='word_1_363' title='bbox 1724 1640 1960 1673; x_wconf 80' lang='lat' dir='ltr'>Damascenus</span> 
     </span>
     <span class='ocr_line' id='line_1_58' title="bbox 1223 1682 1960 1728; baseline -0.015 -2"><span class='ocrx_word' id='word_1_364' title='bbox 1223 1696 1275 1728; x_wconf 34' lang='lat'>⁶⁷39.</span> <span class='ocrx_word' id='word_1_365' title='bbox 1301 1692 1465 1726; x_wconf 84' lang='lat' dir='ltr'>Confutat</span> <span class='ocrx_word' id='word_1_366' title='bbox 1485 1690 1584 1723; x_wconf 89' lang='lat' dir='ltr'>illum</span> <span class='ocrx_word' id='word_1_367' title='bbox 1608 1696 1758 1721; x_wconf 87' lang='lat' dir='ltr'>errorem</span> <span class='ocrx_word' id='word_1_368' title='bbox 1781 1682 1960 1718; x_wconf 86' lang='lat' dir='ltr'>Caesarius</span> 
     </span>
     <span class='ocr_line' id='line_1_59' title="bbox 1223 1733 1640 1785; baseline -0.012 -12"><span class='ocrx_word' id='word_1_369' title='bbox 1223 1743 1357 1785; x_wconf 85' lang='lat' dir='ltr'>quaest.</span> <span class='ocrx_word' id='word_1_370' title='bbox 1375 1737 1427 1771; x_wconf 83' lang='grc'>25.</span> <span class='ocrx_word' id='word_1_371' title='bbox 1445 1747 1516 1780; x_wconf 89' lang='lat' dir='ltr'>seq.</span> <span class='ocrx_word' id='word_1_372' title='bbox 1565 1733 1640 1776; x_wconf 89' lang='lat' dir='ltr'><em>(F.)</em></span> 
     </span>
    </p>

    <p class='ocr_par' dir='ltr' id='par_1_14' title="bbox 1223 1773 1965 2242">
     <span class='ocr_line' id='line_1_60' title="bbox 1269 1773 1961 1827; baseline -0.02 -8"><span class='ocrx_word' id='word_1_373' title='bbox 1269 1797 1296 1819; x_wconf 91' lang='lat' dir='ltr'>c.</span> <span class='ocrx_word' id='word_1_374' title='bbox 1321 1784 1494 1827; x_wconf 81' lang='lat' dir='ltr'>denegant</span> <span class='ocrx_word' id='word_1_375' title='bbox 1514 1779 1694 1814; x_wconf 77' lang='lat' dir='ltr'>homiuum</span> <span class='ocrx_word' id='word_1_376' title='bbox 1710 1773 1961 1815; x_wconf 84' lang='lat' dir='ltr'>salubritatem]</span> 
     </span>
     <span class='ocr_line' id='line_1_61' title="bbox 1223 1819 1962 1873; baseline -0.019 -8"><span class='ocrx_word' id='word_1_377' title='bbox 1223 1831 1311 1873; x_wconf 85' lang='lat' dir='ltr'>Quia</span> <span class='ocrx_word' id='word_1_378' title='bbox 1333 1829 1402 1863; x_wconf 88' lang='lat' dir='ltr'>nisi</span> <span class='ocrx_word' id='word_1_379' title='bbox 1424 1827 1576 1861; x_wconf 89' lang='lat' dir='ltr'>animam</span> <span class='ocrx_word' id='word_1_380' title='bbox 1596 1823 1784 1858; x_wconf 87' lang='lat' dir='ltr'>humanam</span> <span class='ocrx_word' id='word_1_381' title='bbox 1806 1819 1962 1854; x_wconf 85' lang='lat' dir='ltr'>Christus</span> 
     </span>
     <span class='ocr_line' id='line_1_62' title="bbox 1224 1865 1964 1916; baseline -0.02 -5"><span class='ocrx_word' id='word_1_382' title='bbox 1224 1875 1457 1914; x_wconf 82' lang='lat' dir='ltr'>assumsisset,</span> <span class='ocrx_word' id='word_1_383' title='bbox 1474 1881 1586 1916; x_wconf 85' lang='lat' dir='ltr'>neque</span> <span class='ocrx_word' id='word_1_384' title='bbox 1603 1869 1798 1903; x_wconf 86' lang='lat' dir='ltr'>animarum</span> <span class='ocrx_word' id='word_1_385' title='bbox 1814 1865 1964 1899; x_wconf 88' lang='lat' dir='ltr'>salvator</span> 
     </span>
     <span class='ocr_line' id='line_1_63' title="bbox 1225 1911 1964 1963; baseline -0.02 -6"><span class='ocrx_word' id='word_1_386' title='bbox 1225 1926 1332 1963; x_wconf 84' lang='lat' dir='ltr'>esset,</span> <span class='ocrx_word' id='word_1_387' title='bbox 1360 1918 1550 1954; x_wconf 85' lang='lat' dir='ltr'>secundum</span> <span class='ocrx_word' id='word_1_388' title='bbox 1572 1915 1748 1950; x_wconf 79' lang='lat' dir='ltr'>canonem</span> <span class='ocrx_word' id='word_1_389' title='bbox 1770 1911 1964 1954; x_wconf 85' lang='lat' dir='ltr'>Theologo-</span> 
     </span>
     <span class='ocr_line' id='line_1_64' title="bbox 1226 1957 1963 2002; baseline -0.02 0"><span class='ocrx_word' id='word_1_390' title='bbox 1226 1979 1318 2002; x_wconf 88' lang='lat' dir='ltr'>rum:</span> <span class='ocrx_word' id='word_1_391' title='bbox 1363 1966 1428 1999; x_wconf 83' lang='lat' dir='ltr'>uod</span> <span class='ocrx_word' id='word_1_392' title='bbox 1450 1976 1512 1997; x_wconf 75' lang='lat' dir='ltr'>uon</span> <span class='ocrx_word' id='word_1_393' title='bbox 1535 1962 1704 2000; x_wconf 58' lang='lat' dir='ltr'>assumsit,</span> <span class='ocrx_word' id='word_1_394' title='bbox 1727 1970 1792 1991; x_wconf 77' lang='lat' dir='ltr'>non</span> <span class='ocrx_word' id='word_1_395' title='bbox 1813 1957 1963 1990; x_wconf 78' lang='lat' dir='ltr'>redemit.</span> 
     </span>
     <span class='ocr_line' id='line_1_65' title="bbox 1226 1980 1964 2058; baseline -0.02 -10"><span class='ocrx_word' id='word_1_396' title='bbox 1226 1980 1436 2058; x_wconf 43' lang='lat' dir='ltr'>Theophilus</span> <span class='ocrx_word' id='word_1_397' title='bbox 1457 2009 1555 2043; x_wconf 86' lang='lat' dir='ltr'>Alex.</span> <span class='ocrx_word' id='word_1_398' title='bbox 1578 2005 1725 2052; x_wconf 87' lang='lat' dir='ltr'>epistola</span> <span class='ocrx_word' id='word_1_399' title='bbox 1742 2004 1770 2037; x_wconf 94' lang='lat'>1.</span> <span class='ocrx_word' id='word_1_400' title='bbox 1791 2000 1964 2036; x_wconf 83' lang='lat' dir='ltr'>Paschali:</span> 
     </span>
     <span class='ocr_line' id='line_1_66' title="bbox 1231 2049 1963 2103; baseline -0.019 -10"><span class='ocrx_word' id='word_1_401' title='bbox 1231 2066 1349 2103; x_wconf 76' lang='lat' dir='ltr'>„atque</span> <span class='ocrx_word' id='word_1_402' title='bbox 1372 2060 1423 2090; x_wconf 81' lang='lat' dir='ltr'>ita</span> <span class='ocrx_word' id='word_1_403' title='bbox 1445 2058 1516 2100; x_wconf 74' lang='lat' dir='ltr'>ipse</span> <span class='ocrx_word' id='word_1_404' title='bbox 1534 2052 1773 2097; x_wconf 72' lang='lat' dir='ltr'>disputationis</span> <span class='ocrx_word' id='word_1_405' title='bbox 1789 2049 1870 2081; x_wconf 78' lang='lat' dir='ltr'>ordo</span> <span class='ocrx_word' id='word_1_406' title='bbox 1888 2059 1963 2080; x_wconf 83' lang='lat' dir='ltr'>eon-</span> 
     </span>
     <span class='ocr_line' id='line_1_67' title="bbox 1229 2097 1965 2141; baseline -0.019 -3"><span class='ocrx_word' id='word_1_407' title='bbox 1229 2108 1347 2139; x_wconf 75' lang='lat' dir='ltr'>vz&#39;neat</span> <span class='ocrx_word' id='word_1_408' title='bbox 1363 2102 1450 2135; x_wconf 64' lang='lat' dir='ltr'>nihil</span> <span class='ocrx_word' id='word_1_409' title='bbox 1469 2114 1491 2134; x_wconf 88' lang='lat' dir='ltr'>a</span> <span class='ocrx_word' id='word_1_410' title='bbox 1504 2101 1633 2133; x_wconf 76' lang='lat' dir='ltr'>domino</span> <span class='ocrx_word' id='word_1_411' title='bbox 1646 2097 1875 2141; x_wconf 81' lang='lat' dir='ltr'>imperfectum</span> <span class='ocrx_word' id='word_1_412' title='bbox 1896 2103 1965 2125; x_wconf 77' lang='lat' dir='ltr'>esse</span> 
     </span>
     <span class='ocr_line' id='line_1_68' title="bbox 1228 2139 1964 2194; baseline -0.02 -10"><span class='ocrx_word' id='word_1_413' title='bbox 1228 2155 1426 2194; x_wconf 73' lang='lat' dir='ltr'>susceptum,</span> <span class='ocrx_word' id='word_1_414' title='bbox 1439 2147 1499 2180; x_wconf 79' lang='lat' dir='ltr'>sed</span> <span class='ocrx_word' id='word_1_415' title='bbox 1511 2148 1687 2178; x_wconf 75' lang='lat' dir='ltr'>assumtum</span> <span class='ocrx_word' id='word_1_416' title='bbox 1701 2141 1744 2174; x_wconf 84' lang='lat' dir='ltr'>ab</span> <span class='ocrx_word' id='word_1_417' title='bbox 1758 2152 1793 2173; x_wconf 86' lang='lat' dir='ltr'>eo</span> <span class='ocrx_word' id='word_1_418' title='bbox 1806 2139 1964 2172; x_wconf 76' lang='lat' dir='ltr'>hominem</span> 
     </span>
     <span class='ocr_line' id='line_1_69' title="bbox 1223 2184 1879 2242; baseline -0.021 -12"><span class='ocrx_word' id='word_1_419' title='bbox 1223 2198 1322 2242; x_wconf 79' lang='lat' dir='ltr'>plene</span> <span class='ocrx_word' id='word_1_420' title='bbox 1333 2196 1545 2240; x_wconf 76' lang='lat' dir='ltr'>perfecteque</span> <span class='ocrx_word' id='word_1_421' title='bbox 1560 2186 1756 2222; x_wconf 56' lang='lat' dir='ltr'>salvatumss’</span> <span class='ocrx_word' id='word_1_422' title='bbox 1803 2184 1879 2226; x_wconf 89' lang='lat' dir='ltr'><em>(F.)</em></span> 
     </span>
    </p>

    <p class='ocr_par' dir='ltr' id='par_1_15' title="bbox 1228 2227 1965 2329">
     <span class='ocr_line' id='line_1_70' title="bbox 1275 2227 1965 2278; baseline -0.019 -3"><span class='ocrx_word' id='word_1_423' title='bbox 1275 2242 1305 2274; x_wconf 89' lang='lat' dir='ltr'>d.</span> <span class='ocrx_word' id='word_1_424' title='bbox 1331 2240 1480 2273; x_wconf 84' lang='lat' dir='ltr'>salvator</span> <span class='ocrx_word' id='word_1_425' title='bbox 1497 2235 1601 2278; x_wconf 84' lang='lat' dir='ltr'>dicat]</span> <span class='ocrx_word' id='word_1_426' title='bbox 1630 2231 1752 2267; x_wconf 89' lang='lat' dir='ltr'>Matth.</span> <span class='ocrx_word' id='word_1_427' title='bbox 1769 2228 1898 2265; x_wconf 88' lang='lat' dir='ltr'>XXVI.</span> <span class='ocrx_word' id='word_1_428' title='bbox 1912 2227 1965 2262; x_wconf 84' lang='lat'>38.</span> 
     </span>
     <span class='ocr_line' id='line_1_71' title="bbox 1228 2287 1369 2329; baseline -0.021 -8"><span class='ocrx_word' id='word_1_429' title='bbox 1228 2291 1245 2329; x_wconf 91' lang='lat'><em>(</em></span> <span class='ocrx_word' id='word_1_430' title='bbox 1247 2287 1280 2320; x_wconf 84' lang='lat' dir='ltr'><em>F</em></span> <span class='ocrx_word' id='word_1_431' title='bbox 1280 2288 1351 2320; x_wconf 79' lang='lat' dir='ltr'>abr.</span> <span class='ocrx_word' id='word_1_432' title='bbox 1353 2288 1369 2326; x_wconf 84' lang='lat'><em>)</em></span> 
     </span>
    </p>

    <p class='ocr_par' dir='ltr' id='par_1_16' title="bbox 1230 2319 1972 2873">
     <span class='ocr_line' id='line_1_72' title="bbox 1275 2319 1967 2366; baseline -0.02 0"><span class='ocrx_word' id='word_1_433' title='bbox 1275 2344 1303 2366; x_wconf 89' lang='lat' dir='ltr'>e.</span> <span class='ocrx_word' id='word_1_434' title='bbox 1320 2331 1471 2365; x_wconf 78' lang='lat' dir='ltr'>aniinam</span> <span class='ocrx_word' id='word_1_435' title='bbox 1482 2336 1598 2361; x_wconf 85' lang='lat' dir='ltr'>veram</span> <span class='ocrx_word' id='word_1_436' title='bbox 1609 2322 1758 2358; x_wconf 71' lang='lat' dir='ltr'>hominis</span> <span class='ocrx_word' id='word_1_437' title='bbox 1770 2320 1901 2361; x_wconf 85' lang='lat' dir='ltr'>habuit,</span> <span class='ocrx_word' id='word_1_438' title='bbox 1916 2319 1967 2353; x_wconf 82' lang='lat' dir='ltr'>in-</span> 
     </span>
     <span class='ocr_line' id='line_1_73' title="bbox 1230 2365 1968 2414; baseline -0.02 -2"><span class='ocrx_word' id='word_1_439' title='bbox 1230 2379 1406 2412; x_wconf 84' lang='lat' dir='ltr'>tellectum</span> <span class='ocrx_word' id='word_1_440' title='bbox 1426 2371 1624 2414; x_wconf 87' lang='lat' dir='ltr'>habentem]</span> <span class='ocrx_word' id='word_1_441' title='bbox 1651 2368 1779 2402; x_wconf 87' lang='lat' dir='ltr'>Contra</span> <span class='ocrx_word' id='word_1_442' title='bbox 1794 2365 1968 2412; x_wconf 83' lang='lat' dir='ltr'>Apollina-</span> 
     </span>
     <span class='ocr_line' id='line_1_74' title="bbox 1232 2414 1968 2463; baseline -0.02 -5"><span class='ocrx_word' id='word_1_443' title='bbox 1232 2424 1278 2457; x_wconf 87' lang='lat' dir='ltr'>ris</span> <span class='ocrx_word' id='word_1_444' title='bbox 1296 2421 1465 2461; x_wconf 84' lang='lat' dir='ltr'>haeresin,</span> <span class='ocrx_word' id='word_1_445' title='bbox 1483 2418 1541 2463; x_wconf 91' lang='lat' dir='ltr'>qui</span> <span class='ocrx_word' id='word_1_446' title='bbox 1558 2415 1674 2450; x_wconf 84' lang='lat' dir='ltr'>docuit</span> <span class='ocrx_word' id='word_1_447' title='bbox 1689 2414 1880 2447; x_wconf 88' lang='lat' dir='ltr'>animatum</span> <span class='ocrx_word' id='word_1_448' title='bbox 1895 2421 1968 2444; x_wconf 84' lang='lat' dir='ltr'>cor-</span> 
     </span>
     <span class='ocr_line' id='line_1_75' title="bbox 1233 2456 1968 2513; baseline -0.019 -11"><span class='ocrx_word' id='word_1_449' title='bbox 1233 2480 1298 2513; x_wconf 87' lang='lat' dir='ltr'>pus</span> <span class='ocrx_word' id='word_1_450' title='bbox 1323 2469 1514 2501; x_wconf 84' lang='lat' dir='ltr'>assumtum</span> <span class='ocrx_word' id='word_1_451' title='bbox 1536 2473 1557 2496; x_wconf 85' lang='lat' dir='ltr'>a</span> <span class='ocrx_word' id='word_1_452' title='bbox 1580 2461 1734 2501; x_wconf 88' lang='lat' dir='ltr'>Christo,</span> <span class='ocrx_word' id='word_1_453' title='bbox 1757 2457 1818 2492; x_wconf 87' lang='lat' dir='ltr'>sed</span> <span class='ocrx_word' id='word_1_454' title='bbox 1843 2456 1968 2490; x_wconf 87' lang='lat' dir='ltr'>mentis</span> 
     </span>
     <span class='ocr_line' id='line_1_76' title="bbox 1234 2501 1968 2552; baseline -0.02 -4"><span class='ocrx_word' id='word_1_455' title='bbox 1234 2516 1309 2548; x_wconf 90' lang='lat' dir='ltr'>loco</span> <span class='ocrx_word' id='word_1_456' title='bbox 1328 2517 1360 2546; x_wconf 86' lang='lat' dir='ltr'>et</span> <span class='ocrx_word' id='word_1_457' title='bbox 1374 2510 1567 2545; x_wconf 88' lang='lat' dir='ltr'>intellectus</span> <span class='ocrx_word' id='word_1_458' title='bbox 1580 2506 1648 2552; x_wconf 88' lang='lat' dir='ltr'>ipsi</span> <span class='ocrx_word' id='word_1_459' title='bbox 1659 2505 1767 2539; x_wconf 73' lang='lat' dir='ltr'>fuisse</span> <span class='ocrx_word' id='word_1_460' title='bbox 1783 2502 1839 2536; x_wconf 72' lang='lat' dir='ltr'>tbv</span> <span class='ocrx_word' id='word_1_461' title='bbox 1856 2501 1968 2546; x_wconf 86' lang='grc' dir='ltr'><strong>λόγον.</strong></span> 
     </span>
     <span class='ocr_line' id='line_1_77' title="bbox 1235 2549 1969 2596; baseline -0.019 -3"><span class='ocrx_word' id='word_1_462' title='bbox 1235 2557 1416 2593; x_wconf 83' lang='lat' dir='ltr'>Facundus</span> <span class='ocrx_word' id='word_1_463' title='bbox 1439 2555 1501 2590; x_wconf 80' lang='lat' dir='ltr'>IX.</span> <span class='ocrx_word' id='word_1_464' title='bbox 1514 2553 1545 2587; x_wconf 90' lang='lat'>3.</span> <span class='ocrx_word' id='word_1_465' title='bbox 1583 2551 1876 2596; x_wconf 79' lang='lat' dir='ltr'>„Apollinaristae</span> <span class='ocrx_word' id='word_1_466' title='bbox 1900 2549 1969 2591; x_wconf 81' lang='lat' dir='ltr'>qui-</span> 
     </span>
     <span class='ocr_line' id='line_1_78' title="bbox 1238 2595 1971 2638; baseline -0.019 0"><span class='ocrx_word' id='word_1_467' title='bbox 1238 2607 1310 2638; x_wconf 80' lang='lat' dir='ltr'>dem</span> <span class='ocrx_word' id='word_1_468' title='bbox 1342 2604 1457 2637; x_wconf 79' lang='lat' dir='ltr'>carnis</span> <span class='ocrx_word' id='word_1_469' title='bbox 1487 2606 1519 2633; x_wconf 81' lang='lat' dir='ltr'>et</span> <span class='ocrx_word' id='word_1_470' title='bbox 1548 2600 1681 2632; x_wconf 82' lang='lat' dir='ltr'>animae</span> <span class='ocrx_word' id='word_1_471' title='bbox 1713 2601 1870 2628; x_wconf 72' lang='lat' dir='ltr'>naturam</span> <span class='ocrx_word' id='word_1_472' title='bbox 1900 2595 1971 2625; x_wconf 77' lang='lat' dir='ltr'>aine</span> 
     </span>
     <span class='ocr_line' id='line_1_79' title="bbox 1236 2639 1971 2683; baseline -0.02 1"><span class='ocrx_word' id='word_1_473' title='bbox 1236 2656 1340 2683; x_wconf 83' lang='lat' dir='ltr'>mente</span> <span class='ocrx_word' id='word_1_474' title='bbox 1383 2647 1572 2681; x_wconf 70' lang='lat' dir='ltr'>assumsisse</span> <span class='ocrx_word' id='word_1_475' title='bbox 1615 2644 1779 2676; x_wconf 74' lang='lat' dir='ltr'>dominum</span> <span class='ocrx_word' id='word_1_476' title='bbox 1823 2639 1971 2677; x_wconf 79' lang='lat' dir='ltr'>credunt,</span> 
     </span>
     <span class='ocr_line' id='line_1_80' title="bbox 1238 2683 1972 2728; baseline -0.018 1"><span class='ocrx_word' id='word_1_477' title='bbox 1238 2696 1368 2728; x_wconf 69' lang='lat' dir='ltr'>Ariani</span> <span class='ocrx_word' id='word_1_478' title='bbox 1383 2704 1459 2726; x_wconf 84' lang='lat' dir='ltr'>vero</span> <span class='ocrx_word' id='word_1_479' title='bbox 1476 2691 1591 2723; x_wconf 74' lang='lat' dir='ltr'>carnis</span> <span class='ocrx_word' id='word_1_480' title='bbox 1607 2685 1859 2721; x_wconf 79' lang='lat' dir='ltr'>tantummodo.”</span> <span class='ocrx_word' id='word_1_481' title='bbox 1885 2683 1972 2718; x_wconf 84' lang='lat' dir='ltr'>Vide</span> 
     </span>
     <span class='ocr_line' id='line_1_81' title="bbox 1237 2727 1971 2778; baseline -0.018 -4"><span class='ocrx_word' id='word_1_482' title='bbox 1237 2741 1285 2776; x_wconf 90' lang='lat' dir='ltr'>Io.</span> <span class='ocrx_word' id='word_1_483' title='bbox 1307 2736 1532 2774; x_wconf 81' lang='lat' dir='ltr'>Pearsonium</span> <span class='ocrx_word' id='word_1_484' title='bbox 1553 2733 1595 2768; x_wconf 86' lang='lat' dir='ltr'>ad</span> <span class='ocrx_word' id='word_1_485' title='bbox 1617 2732 1823 2778; x_wconf 78' lang='lat' dir='ltr'>Symbolum</span> <span class='ocrx_word' id='word_1_486' title='bbox 1843 2741 1877 2774; x_wconf 88' lang='lat' dir='ltr'>p.</span> <span class='ocrx_word' id='word_1_487' title='bbox 1895 2727 1971 2762; x_wconf 84' lang='grc'><strong>285.</strong></span> 
     </span>
     <span class='ocr_line' id='line_1_82' title="bbox 1237 2772 1972 2821; baseline -0.019 0"><span class='ocrx_word' id='word_1_488' title='bbox 1237 2786 1315 2820; x_wconf 90' lang='grc'><strong>422.</strong></span> <span class='ocrx_word' id='word_1_489' title='bbox 1338 2785 1416 2818; x_wconf 89' lang='lat' dir='ltr'>edit.</span> <span class='ocrx_word' id='word_1_490' title='bbox 1436 2781 1593 2821; x_wconf 83' lang='lat' dir='ltr'>Latinae,</span> <span class='ocrx_word' id='word_1_491' title='bbox 1621 2781 1655 2812; x_wconf 85' lang='lat' dir='ltr'>et</span> <span class='ocrx_word' id='word_1_492' title='bbox 1683 2777 1864 2812; x_wconf 85' lang='lat' dir='ltr'>Suicerum</span> <span class='ocrx_word' id='word_1_493' title='bbox 1885 2773 1924 2808; x_wconf 80' lang='lat' dir='ltr'>T.</span> <span class='ocrx_word' id='word_1_494' title='bbox 1941 2772 1972 2807; x_wconf 82' lang='lat'>2.</span> 
     </span>
     <span class='ocr_line' id='line_1_83' title="bbox 1238 2823 1756 2873; baseline -0.019 -7"><span class='ocrx_word' id='word_1_495' title='bbox 1238 2829 1405 2865; x_wconf 84' lang='lat' dir='ltr'>Thesauri</span> <span class='ocrx_word' id='word_1_496' title='bbox 1419 2840 1452 2873; x_wconf 91' lang='lat' dir='ltr'>p.</span> <span class='ocrx_word' id='word_1_497' title='bbox 1470 2825 1545 2860; x_wconf 86' lang='grc'><strong>264.</strong></span> <span class='ocrx_word' id='word_1_498' title='bbox 1562 2835 1634 2868; x_wconf 86' lang='lat' dir='ltr'>seq.</span> <span class='ocrx_word' id='word_1_499' title='bbox 1681 2823 1756 2866; x_wconf 87' lang='lat' dir='ltr'>(F.)</span> 
     </span>
    </p>

    <p class='ocr_par' dir='ltr' id='par_1_17' title="bbox 1237 2864 1975 3104">
     <span class='ocr_line' id='line_1_84' title="bbox 1282 2864 1972 2910; baseline -0.02 1"><span class='ocrx_word' id='word_1_500' title='bbox 1282 2877 1306 2910; x_wconf 84' lang='lat' dir='ltr'>f.</span> <span class='ocrx_word' id='word_1_501' title='bbox 1331 2884 1473 2909; x_wconf 90' lang='lat' dir='ltr'>sensum</span> <span class='ocrx_word' id='word_1_502' title='bbox 1484 2870 1657 2905; x_wconf 81' lang='lat' dir='ltr'>carnalem</span> <span class='ocrx_word' id='word_1_503' title='bbox 1667 2868 1795 2910; x_wconf 85' lang='lat' dir='ltr'>itidem,</span> <span class='ocrx_word' id='word_1_504' title='bbox 1811 2869 1851 2900; x_wconf 87' lang='lat' dir='ltr'>ut</span> <span class='ocrx_word' id='word_1_505' title='bbox 1866 2868 1900 2900; x_wconf 86' lang='lat' dir='ltr'>et</span> <span class='ocrx_word' id='word_1_506' title='bbox 1916 2864 1972 2898; x_wconf 91' lang='lat' dir='ltr'>do-</span> 
     </span>
     <span class='ocr_line' id='line_1_85' title="bbox 1237 2910 1974 2967; baseline -0.018 -11"><span class='ocrx_word' id='word_1_507' title='bbox 1237 2922 1308 2956; x_wconf 88' lang='lat' dir='ltr'>lere</span> <span class='ocrx_word' id='word_1_508' title='bbox 1323 2922 1442 2967; x_wconf 86' lang='lat' dir='ltr'>posset</span> <span class='ocrx_word' id='word_1_509' title='bbox 1453 2916 1609 2962; x_wconf 85' lang='lat' dir='ltr'>corpore]</span> <span class='ocrx_word' id='word_1_510' title='bbox 1633 2913 1751 2948; x_wconf 88' lang='lat' dir='ltr'>Ariani</span> <span class='ocrx_word' id='word_1_511' title='bbox 1763 2922 1904 2946; x_wconf 89' lang='lat' dir='ltr'>sensum</span> <span class='ocrx_word' id='word_1_512' title='bbox 1916 2910 1974 2943; x_wconf 92' lang='lat' dir='ltr'>do-</span> 
     </span>
     <span class='ocr_line' id='line_1_86' title="bbox 1237 2959 1975 3003; baseline -0.019 -1"><span class='ocrx_word' id='word_1_513' title='bbox 1237 2968 1319 3001; x_wconf 88' lang='lat' dir='ltr'>loris</span> <span class='ocrx_word' id='word_1_514' title='bbox 1332 2977 1403 3000; x_wconf 90' lang='lat' dir='ltr'>non</span> <span class='ocrx_word' id='word_1_515' title='bbox 1415 2964 1457 2998; x_wconf 90' lang='lat' dir='ltr'>ab</span> <span class='ocrx_word' id='word_1_516' title='bbox 1469 2963 1585 2997; x_wconf 85' lang='lat' dir='ltr'>anima</span> <span class='ocrx_word' id='word_1_517' title='bbox 1592 2959 1728 3001; x_wconf 86' lang='lat' dir='ltr'>Christi,</span> <span class='ocrx_word' id='word_1_518' title='bbox 1739 2960 1859 3003; x_wconf 84' lang='lat' dir='ltr'>utpote</span> <span class='ocrx_word' id='word_1_519' title='bbox 1871 2966 1975 3001; x_wconf 90' lang='lat' dir='ltr'>quam</span> 
     </span>
     <span class='ocr_line' id='line_1_87' title="bbox 1238 3004 1974 3058; baseline -0.019 -11"><span class='ocrx_word' id='word_1_520' title='bbox 1238 3013 1430 3058; x_wconf 82' lang='lat' dir='ltr'>negabant,</span> <span class='ocrx_word' id='word_1_521' title='bbox 1453 3007 1513 3043; x_wconf 90' lang='lat' dir='ltr'>sed</span> <span class='ocrx_word' id='word_1_522' title='bbox 1534 3018 1555 3040; x_wconf 87' lang='lat' dir='ltr'>a</span> <span class='ocrx_word' id='word_1_523' title='bbox 1576 3005 1671 3051; x_wconf 82' lang='grc' dir='ltr'>λόγῳ</span> <span class='ocrx_word' id='word_1_524' title='bbox 1688 3006 1904 3048; x_wconf 82' lang='lat' dir='ltr'>susceptum,</span> <span class='ocrx_word' id='word_1_525' title='bbox 1925 3004 1974 3034; x_wconf 88' lang='lat' dir='ltr'>at-</span> 
     </span>
     <span class='ocr_line' id='line_1_88' title="bbox 1240 3047 1975 3104; baseline -0.016 -9"><span class='ocrx_word' id='word_1_526' title='bbox 1240 3069 1316 3104; x_wconf 81' lang='lat' dir='ltr'>que,</span> <span class='ocrx_word' id='word_1_527' title='bbox 1325 3061 1365 3093; x_wconf 83' lang='lat' dir='ltr'>ut</span> <span class='ocrx_word' id='word_1_528' title='bbox 1372 3057 1420 3093; x_wconf 82' lang='lat' dir='ltr'>ait</span> <span class='ocrx_word' id='word_1_529' title='bbox 1425 3051 1650 3096; x_wconf 79' lang='lat' dir='ltr'>PhoebadiuS‚</span> <span class='ocrx_word' id='word_1_530' title='bbox 1662 3049 1863 3096; x_wconf 84' lang='lat' dir='ltr'>passibilem</span> <span class='ocrx_word' id='word_1_531' title='bbox 1874 3047 1975 3084; x_wconf 82' lang='lat' dir='ltr'>deum</span> 
     </span>
    </p>
   </div>
  </div>
 </body>
</html>
