2052 3342
241 447 306 480 Cap.
319 448 363 471 lV.

235 2029 300 2062 Cap.
318 2029 366 2055 VI.

214 2441 250 2467 Ca
260 2450 286 2474 p.
306 2441 368 2466 VII.

389 199 466 239 234
1009 195 1308 222 PRAEDESTINATI

392 301 472 342 Hos
495 301 670 341 ecclesia
691 305 735 340 ut
755 313 1053 353 energumenos
1076 303 1340 355 computans,
1360 313 1444 341 non
1465 299 1718 354 altercando,
1740 300 1814 343 sed
1835 315 1929 356 pro-

389 369 548 410 iciendo
572 367 795 409 damnavit.

474 438 624 486 Quarta
653 437 949 477 Nicolaiturum
981 450 1005 476 a
1039 435 1226 477 ¹Nicolao
1263 436 1445 476 haeresis
1481 442 1545 477 est
1578 437 1824 490 adinventa,
1862 439 1933 492 qui

388 519 494 545 unus
524 519 571 545 ex
602 510 761 559 septem
794 504 1034 545 diaconibus
1064 504 1114 544 ab
1146 504 1342 559 apostolis
1367 503 1578 546 ordinatus
1608 510 1682 546 est.
1734 506 1816 546 Iste
1839 519 1932 547 cum

389 573 435 614 dc
458 573 542 613 zelo
566 573 862 628 pulcherrimae
886 574 1069 623 coniugis
1095 573 1340 627 culparetur,
1363 572 1510 613 docere
1537 575 1671 628 coepit
1693 573 1932 615 indifferen-

389 647 449 683 ter
471 642 620 683 dehere
643 643 698 681 uti
724 641 988 690 coniugibus,
1018 656 1097 681 non
1122 642 1255 681 solum
1276 641 1411 690 laicis,
1439 641 1512 682 sed
1543 643 1667 682 etiam
1688 643 1751 683 his
1774 644 1840 696 qui
1865 656 1932 683 sa-

389 711 555 752 cerdotii
581 712 848 763 fungerentur
876 710 1023 750 officio.
1074 710 1158 750 Hos
1189 709 1401 749 damnavit
1430 713 1597 750 sanctus
1627 710 1805 751 Ioannes
1833 725 1932 766 apo-

388 780 516 820 stolus
539 785 576 819 ct
600 778 865 827 evangelista.
883 782 923 817 ct
944 779 1063 818 iussit
1085 783 1128 818 ut
1150 780 1396 831 quicumque
1419 792 1513 819 cum
1535 779 1593 819 eis
1614 778 1678 819 vel
1701 793 1935 820 sermonem

389 846 593 901 conloquii
616 848 896 891 miscuissent,
929 860 977 887 ex
1006 845 1082 887 hoe
1112 848 1198 900 ipso
1228 847 1516 887 communione
1546 848 1829 901 privarentur,
1859 846 1932 889 do-

388 929 486 957 cens¹
517 915 812 956 rationabiliter
839 929 863 955 a
890 914 1033 955 mundi
1057 916 1219 965 origene
1243 914 1317 955 (leo
1341 917 1578 956 castitatem
1598 914 1824 970 plurimum
1844 914 1933 970 pla-

388 986 543 1034 cuisse,
572 998 681 1024 nunc
714 988 851 1024 autem
880 986 1005 1023 ctiam
1028 985 1069 1023 in
1087 985 1222 1037 seipso
1246 983 1455 1024 Christum
1485 983 1549 1024 dei
1572 983 1704 1024 fllium
1731 983 1934 1024 castitatis

388 1053 557 1104 gloriam
581 1052 816 1103 dedicasse,
847 1066 939 1092 cum
960 1053 1162 1101 virginem
1194 1051 1411 1106 possidens
1433 1055 1608 1092 matrem
1632 1053 1742 1104 virgo
1763 1064 1932 1092 mansu-

390 1135 456 1162 rus
476 1121 631 1162 nullum
649 1120 943 1175 discipulorum
961 1134 1128 1160 suorum
1146 1122 1483 1161 commixtionem
1504 1121 1629 1161 etiam
1645 1119 1818 1173 legitimi
1835 1133 1933 1161 con-

389 1191 485 1240 iugii
508 1191 564 1229 uti
589 1191 789 1244 permisit.
811 1188 972 1229 dicens:
1004 1187 1078 1229 ‘³151'
1097 1190 1189 1242 quis
1210 1189 1298 1229 cult
1317 1190 1455 1229 renio-e
1468 1196 1566 1243 post
1586 1202 1659 1241 me,
1682 1188 1854 1244 almesset
1872 1202 1934 1230 se-

387 1260 522 1314 ipsum
543 1258 635 1309 sihi,
657 1265 693 1297 et
714 1258 829 1297 tollar
852 1272 1014 1297 crucem
1030 1272 1162 1308 suam,
1184 1264 1221 1296 et
1240 1264 1440 1311 sequatur
1460 1272 1533 1298 me.

474 1327 622 1377 Quinta
644 1326 826 1366 haeresis
849 1325 1236 1365 Satnrniniauorum
1265 1329 1341 1377 cst,
1368 1339 1392 1365 a
1413 1325 1649 1366 Saturnino.
1697 1325 1775 1366 Hic
1798 1324 1937 1366 docuit

389 1399 548 1451 septem
570 1394 736 1448 angelos
758 1394 958 1435 mundum
980 1394 1146 1443 seciss03
1177 1394 1325 1447 quibus
1356 1393 1469 1434 cordi
1495 1394 1573 1434 suit
1598 1393 1794 1435 libidines
1822 1394 1934 1434 inse-

389 1478 498 1516 rere,
525 1468 569 1504 ut
597 1463 792 1503 alterutro
823 1463 1041 1503 diversitas
1070 1476 1212 1514 sexus,
1241 1462 1420 1502 mundus
1450 1476 1474 1501 a
1502 1463 1565 1502 sui
1594 1462 1672 1503 fine
1704 1461 1936 1503 refrenatus

388 1534 519 1587 possit
541 1546 631 1573 esse
654 1537 890 1586 perpetuus.
923 1531 1007 1571 Hos
1030 1531 1394 1571 anathematizavit
1414 1530 1560 1572 beatus
1583 1529 1761 1571 Thomas
1784 1529 1937 1572 Christi

389 1601 612 1657 apostolus,
634 1600 789 1641 docens
813 1598 1111 1640 rationabiliter
1132 1599 1334 1640 mundum
1356 1600 1521 1640 initium
1541 1598 1751 1652 habuisse,
1780 1601 1822 1640 et
1841 1599 1938 1654 quia

389 1670 554 1712 initium
575 1669 738 1721 habuit,
767 1668 819 1709 ad
841 1668 965 1708 finem
987 1682 1076 1708 csse
1098 1672 1332 1708 venturum.
1383 1667 1562 1720 Angelos
1583 1671 1721 1708 autem
1748 1668 1935 1723 omnipo-

389 1740 563 1780 tentiam
583 1737 735 1778 habere
760 1751 841 1777 non
865 1750 999 1791 posse,
1027 1740 1067 1776 ct
1089 1736 1179 1777 ideo
1202 1735 1405 1777 mundum
1428 1749 1496 1776 eos
1518 1750 1601 1777 non
1622 1735 1807 1791 potuisse
1837 1750 1935 1778 con-

391 1808 573 1848 stituere.
613 1805 876 1847 Conditorem
898 1809 1035 1845 autem
1057 1804 1201 1845 mundi
1223 1818 1353 1846 unum
1369 1818 1458 1845 esse
1478 1804 1615 1857 deum,
1637 1818 1759 1859 quem
1773 1803 1936 1859 Moyses

390 1875 645 1931 praedicavit
669 1875 819 1915 secisse
851 1873 1009 1914 caelum
1039 1877 1079 1914 et
1105 1876 1257 1914 terram
1286 1877 1326 1914 et
1355 1887 1490 1926 mare,
1523 1877 1564 1914 et
1591 1874 1730 1915 omnia
1761 1885 1865 1928 quae
1893 1874 1938 1915 in

391 1944 450 1986 eis
472 1947 579 1985 sunt.

476 2012 602 2054 Sexta
621 2010 804 2051 haeresis
827 2010 1133 2052 Gnosticorum:
1163 2012 1233 2065 qui
1255 2010 1473 2052 Gnostieos
1495 2024 1540 2052 se
1567 2009 1799 2066 1appellare
1818 1998 1936 2052 volu—

392 2084 533 2133 erunt,
556 2081 673 2134 quasi
694 2083 862 2134 propter
884 2080 1101 2120 seientiam
1124 2079 1418 2133 excellentem,
1440 2093 1535 2121 eum
1554 2081 1790 2121 miseriores
1812 2092 1936 2135 supe-

392 2150 568 2192 rioribus
591 2162 702 2200 esse,
725 2161 827 2201 quos
849 2148 1187 2200 memoravimus,
1213 2147 1478 2189 haberentur.
1526 2147 1692 2189 Docens
1713 2162 1784 2189 eos
1811 2150 1936 2189 ratio-

392 2218 585 2260 nabiliter
610 2217 756 2257 beatus
784 2215 937 2256 Paulus
965 2216 1175 2271 apostolus
1198 2230 1281 2258 non
1303 2216 1376 2257 deo
1400 2218 1574 2270 servire,
1603 2216 1677 2258 sed
1707 2230 1781 2258 suo
1802 2217 1938 2258 ventri

394 2291 435 2328 et
454 2286 619 2328 libidini
639 2284 802 2325 inflatos
826 2297 935 2335 esse,
965 2289 1004 2324 et
1025 2284 1127 2325 nihil
1150 2286 1276 2338 scire,
1298 2289 1340 2326 et
1361 2289 1571 2338 aegrotare
1593 2286 1703 2326 circa
1730 2286 1936 2340 quaestio-

392 2369 465 2397 nes
489 2359 529 2396 et
548 2353 767 2395 verborum
788 2366 959 2407 pugnas.

477 2423 888 2478 Carpocratianorum
917 2422 1091 2475 septima
1119 2426 1183 2462 est
1202 2421 1406 2474 haeresis,
1434 2435 1459 2462 a
1479 2421 1726 2477 Carpocrate
1753 2423 1937 2475 inventa,

394 2494 463 2548 qui
491 2491 668 2533 docebat
693 2493 917 2545 potestates
944 2490 1210 2531 tenebrarum
1237 2492 1416 2531 transire
1444 2503 1529 2531 non
1555 2503 1699 2544 posse,
1725 2491 1807 2531 nisi
1828 2489 1936 2533 solos

394 2575 463 2604 eos
491 2560 561 2615 qui
589 2560 701 2601 omni
735 2572 777 2599 se
804 2557 1051 2612 turpitudini
1084 2560 1364 2600 miscuissent.
1421 2558 1476 2599 Hi
1503 2558 1717 2600 dominum
1749 2563 1937 2601 nostrum

392 2630 530 2671 Iesum
552 2628 601 2669 de
622 2631 796 2681 utroque
818 2640 919 2667 sexu
940 2627 1124 2679 genitum
1145 2627 1408 2679 adserebant,
1429 2627 1503 2667 sed
1516 2626 1645 2668 talem
1664 2629 1848 2668 animam
1867 2641 1935 2668 ac-

394 2699 552 2752 cepisse
581 2709 682 2750 quae
713 2708 892 2750 superna
919 2694 1124 2736 caelorum
1160 2696 1295 2737 sciret.
1358 2695 1721 2737 Resurrectionem
1755 2697 1936 2750 corporis

394 2765 646 2818 denegantes
667 2763 888 2829 prophetas
908 2764 1147 2804 testamenti
1169 2765 1319 2806 veteris
1341 2763 1686 2805 condemnabant.
1716 2763 1937 2806 Habebant

394 2838 533 2875 autem
551 2831 834 2874 Mareellinam
856 2831 1083 2886 quandam,
1111 2844 1213 2885 quae
1242 2834 1442 2886 imagines
1469 2832 1564 2873 Iesu
1595 2835 1637 2873 et
1655 2831 1776 2874 Pauli
1794 2835 1836 2874 et
1853 2832 1934 2885 Py-

393 2901 586 2956 thagorae
606 2900 842 2956 philosophi
861 2899 1040 2955 ponebat
1059 2901 1103 2940 in
1131 2899 1269 2942 medio
1296 2900 1438 2956 populi
1457 2912 1580 2954 quem
1610 2898 1865 2956 decipiebat,
1895 2903 1936 2941 et

463 3001 546 3047 Gap.
561 3001 619 3035 IV.
636 3021 679 3026 -—
698 3001 727 3034 1.
745 3000 796 3044 Cf.
815 3000 955 3034 Coteler.
973 3002 995 3034 l.
1012 3002 1033 3034 l.
1051 3013 1082 3033 n.
1103 3000 1152 3033 16.
1224 3001 1254 3036 2.
1271 3000 1393 3036 Matth.
1410 2999 1501 3042 XVI,
1518 2999 1572 3034 24.

463 3047 544 3092 Gap.
561 3046 617 3081 VI.
635 3067 678 3072 —
698 3047 725 3079 1.
743 3046 907 3091 appellari
923 3046 995 3080 MS.
1015 3046 1192 3090 Auyiense.
