2052 3374
690 240 741 267 DE
759 239 994 267 HAEREsrBus
1012 238 1134 265 LIBER.

1634 233 1688 275 55

223 346 430 389 Sabellius
445 348 542 401 post
562 346 724 399 ¹istum,
747 345 797 387 de
813 345 978 400 Libya²,
1000 342 1229 399 discipulus
1246 342 1350 395 eius,
1371 337 1690 382 similitudinem
1715 347 1782 380 cap·
1802 347 1877 372 LIV-

141 417 207 458 sui
227 415 407 457 doctoris
429 414 577 456 itidem
599 418 767 456 secutus
789 418 854 455 est
874 417 916 455 et
937 427 1135 465 errorem,
1162 411 1272 453 unde
1300 414 1343 452 et
1363 407 1591 451 Sabelliani
1611 421 1688 462 po-

140 488 230 526 stea
249 487 348 525 sunt
367 482 584 538 appellati,
612 485 683 537 qui
709 486 751 524 et
769 482 1115 537 patripassianib,
1137 485 1178 521 et
1198 479 1426 522 2Praxeani
1447 491 1472 518 a
1490 477 1690 528 Praxeae,

138 553 205 594 ³et
227 551 545 605 Hermogeniani
572 551 623 593 ab
650 550 959 604 Hermogened,
987 551 1056 604 qui
1083 550 1251 590 fuerunt
1278 550 1324 590 in
1344 547 1504 600 Africa,
1533 546 1629 600 ⁴qui
1649 547 1691 585 et

138 623 196 664 ita
215 622 444 662 sentientes
466 620 617 661 abiecti
638 624 736 661 sunt
755 619 807 660 ab
831 618 1008 660 ecclesia
1030 617 1243 660 catholica.

223 690 334 741 Quae
355 692 420 730 est
437 688 540 730 haec
561 690 723 730 vanitas
746 687 1020 740 Galataruma,
1041 686 1204 728 Seleuci
1225 689 1268 727 et
1282 684 1522 727 ¹Hermiaeb
1544 683 1689 725 haere-

137 755 339 801 ticorum?
375 758 453 808 Qui
480 771 574 799 cum
599 757 744 799 volunt
770 755 894 797 deum
921 769 1012 797 esse
1040 754 1370 810 2ineorp0reum,
1396 753 1523 807 hylen
1551 754 1691 805 etiam,

137 827 182 870 id
202 831 267 868 est
283 827 501 868 materiam
521 825 667 867 mundi
689 829 951 867 coaeternam
972 838 1063 865 esse
1086 837 1180 865 cum
1201 823 1276 864 deo
1299 826 1511 875 asserunt,
1539 826 1580 862 et
1599 836 1688 863 ma-

139 897 286 938 teriam
312 894 481 950 quidem
508 894 826 947 elementorum,
853 907 957 948 quae
985 896 1049 934 est
1074 894 1165 933 sine
1194 893 1354 944 anima,
1390 890 1690 933 irrationabilis

139 965 318 1017 scilieet,
344 977 448 1018 quae
475 964 584 1004 facta
609 967 673 1004 est
700 977 724 1003 a
751 962 825 1004 deo
856 966 972 1017 patre
994 975 1068 1017 per
1089 960 1221 1002 filium
1242 974 1293 1001 ex
1314 958 1465 1012 nihilo,
1492 963 1538 1000 ut
1559 960 1692 1014 possit

139 1047 230 1076 esse
251 1046 355 1088 quae
377 1036 472 1073 ante
495 1045 577 1073 non
599 1035 706 1084 erat,
733 1044 816 1072 non
842 1032 902 1072 ita
928 1029 1208 1085 accipiunt0d3
1240 1030 1435 1084 spiritum
1455 1031 1595 1069 autem
1615 1027 1688 1069 ho-

136 1103 284 1155 minis,
310 1101 354 1143 id
383 1104 448 1142 est
474 1102 656 1142 animam
677 1113 760 1141 non
786 1099 961 1141 3faotam
982 1113 1006 1140 a
1028 1098 1103 1140 deo
1131 1111 1204 1153 per
1226 1097 1377 1150 filium,
1403 1095 1478 1138 sed
1505 1095 1554 1137 de
1582 1100 1693 1138 terra

1717 679 1782 712 Cap.
1803 679 1859 704 Lv.

229 1214 311 1260 Gap.
327 1213 412 1248 LIV.
434 1216 471 1246 in
488 1213 596 1247 Babc.
613 1215 813 1257 inscriptum
831 1212 932 1245 habet
946 1212 1153 1246 SABELLWS.
1174 1232 1215 1237 —
1243 1211 1271 1245 1.
1289 1210 1387 1244 illum
1406 1210 1434 1244 b.
1483 1210 1514 1243 2.
1531 1209 1692 1243 Praxiani

137 1262 219 1295 libri
239 1272 359 1296 omnes.
428 1258 459 1293 3.
481 1262 516 1293 et
535 1259 803 1304 Hermogeniani
826 1258 870 1292 ab
892 1258 1111 1303 Hermogene
1137 1257 1213 1290 Bab
1237 1256 1475 1300 (inmarqy.)c·.
1500 1260 1533 1289 et
1549 1255 1691 1290 Hermo-

137 1317 226 1353 gene
242 1305 399 1351 (A)Bab.
468 1305 500 1340 4.
523 1305 582 1350 qui
598 1317 658 1340 om.
677 1305 722 1340 A.

227 1353 309 1397 Cap.
326 1351 396 1385 LV.
411 1353 449 1384 in
464 1351 538 1384 abc.
551 1353 747 1395 inscriptum
767 1357 816 1383 est
830 1350 986 1384 Sam-ct
1003 1362 1045 1383 er
1063 1360 1221 1383 HERMIAE
1246 1350 1442 1393 (nennium
1461 1348 1506 1391 b.)
1525 1359 1692 1382 HAERESIS

137 1411 183 1433 οε
200 1410 271 1432 nno
295 1407 490 1475 colbir’oaim.
515 1417 558 1422 —
601 1397 629 1430 1.
652 1396 837 1431 Herminae
855 1397 883 1431 h.
955 1395 986 1429 2.
1002 1396 1242 1441 incorporeum
1270 1395 1313 1429 Α.
1332 1404 1535 1439 corporeum
1560 1395 1691 1438 reliqui.

137 1445 169 1480 3.
185 1444 317 1479 factum
365 1471 372 1478 .

137 1538 209 1582 lyto
233 1534 446 1581 Epiphanius
475 1538 509 1568 et
537 1534 772 1568 Damascenus
801 1534 880 1568 hae-

137 1583 207 1617 resi
220 1581 275 1616 57.
322 1581 398 1622 (F.)

184 1628 267 1673 Cap.
282 1626 368 1661 LlV.
387 1646 430 1651 —
447 1637 477 1659 a.
503 1626 544 1660 de
561 1626 686 1670 Libya]
712 1626 881 1669 Libycum

950 1543 1136 1578 mogenem
1153 1534 1188 1566 in
1205 1532 1349 1566 Sabellii
1365 1532 1590 1566 contubernio
1608 1532 1692 1566 refe-

950 1584 1029 1613 runt
1053 1579 1267 1624 Augustinus
1293 1582 1326 1611 et
1348 1578 1476 1611 Auctor
1503 1577 1693 1612 Praedesti-

950 1625 1022 1659 nati
1040 1625 1130 1658 c.41.
1156 1624 1223 1658 Sed
1240 1624 1481 1664 Tertullianus,
1499 1624 1559 1668 qui
1575 1624 1692 1668 singu-

138 1673 349 1735 haereticum
371 1676 471 1706 vocat
486 1671 635 1723 Basilius
652 1671 758 1717 Epist.
777 1671 830 1705 63.
847 1677 879 1705 et

139 1717 880 1810 3¹3?353322335212133353323{⁶335ss

138 1810 298 1846 Haeresis
312 1809 456 1843 Sabellii
472 1809 584 1854 erupit
600 1810 690 1842 circa
701 1810 741 1842 A.
777 1828 792 1842 ι.
803 1808 879 1842 257.

139 1858 181 1891 de
207 1866 275 1901 qua
299 1855 534 1889 desideramus
559 1855 599 1888 D.
618 1855 726 1899 lttigii
743 1857 799 1887 τοῦ
818 1867 879 1899 μα-

140 1902 271 1948 καρίτου
289 1901 471 1935 diatribam
485 1911 587 1946 quam
600 1901 757 1945 promisit
771 1901 878 1934 inHe-

138 1948 240 1994 ptade
257 1947 340 1981 diss.
383 1973 390 1980 .
407 1946 485 1980 432.
511 1946 651 1980 Interim
669 1947 823 1979 evolvere
840 1947 878 1979 li-

140 1993 320 2028 cebitRev.
334 1958 519 2026 Christiani
531 1992 676 2039 Wormii
692 1992 879 2025 Historiam

139 2039 398 2074 Sabellianismi
421 2038 549 2072 editam
567 2048 597 2071 a.
619 2038 713 2070 1696.
732 2037 762 2070 S.
795 2038 879 2071 Vide

140 2086 187 2120 sis
204 2085 310 2119 etiam
324 2083 559 2129 Epiphanium
576 2089 607 2116 et
626 2083 878 2116 Damascenum

139 2130 273 2165 haeresi
290 2129 343 2164 62.
379 2130 613 2174 Augustinum
641 2133 673 2162 et
698 2129 880 2162 Auctorem

139 2176 390 2211 Praedestinati
416 2186 444 2209 c.
468 2175 522 2208 41.
556 2175 743 2219 [Victorem
766 2175 880 2208 Viten-

141 2233 214 2256 sem
229 2222 288 2256 lib.
305 2220 362 2262 III,
380 2231 453 2266 cap.
472 2220 502 2254 ss.
526 2221 712 2265 Augustini
729 2225 797 2254 tem
825 2231 881 2254 ore

139 2267 439 2303 Marcionistamm
462 2272 495 2300 et
512 2266 786 2300 Sabellianorum
827 2276 882 2300 ae-

140 2325 234 2348 reses
243 2313 444 2354 silebantur‚
461 2316 498 2346 ut
511 2316 655 2345 testatur
667 2311 821 2357 Epistola
828 2311 882 2345 56.

142 2359 234 2403 (118.
245 2358 431 2402 ed.'novae)
444 2358 486 2392 ad
500 2358 730 2400 Dioscorum]
755 2357 883 2402 Euthy-

140 2405 202 2439 mii
228 2404 322 2438 Pano
348 2404 431 2438 liam
454 2405 553 2438 titulo
578 2403 622 2437 X.
648 2403 685 2436 T.
715 2403 764 2435 19.
795 2402 883 2436 Bibl.

141 2451 282 2485 Patrum
306 2460 324 2483 e
351 2476 358 2482 .
377 2449 489 2493 Lugd.
514 2461 546 2494 p.
565 2450 617 2482 61.
643 2454 675 2482 et
697 2452 795 2481 notas
820 2448 883 2482 Be-

141 2496 391 2530 nedictinorum
407 2495 450 2528 ad
464 2495 500 2529 S.
512 2494 732 2528 Ambrosium
749 2494 786 2527 T.
804 2494 834 2527 2.
852 2505 884 2540 p.

141 2541 218 2576 445.
242 2541 375 2575 Petavii
397 2541 571 2586 Dogmata
591 2539 708 2573 Theol.
730 2539 770 2572 de
792 2539 826 2573 S.
848 2541 882 2573 S.

142 2587 308 2622 Trinitate
323 2586 420 2632 p.33.
436 2597 507 2631 seq.
555 2586 630 2627 (F.)

187 2633 221 2667 b.
243 2632 335 2666 Patri
361 2632 503 2675 assiani]
537 2631 633 2672 Quod
664 2635 796 2676 patrem
819 2632 882 2665 sub

143 2643 571 2758 sestianae
713 2676 882 2756 aas?

144 2780 172 2803 e.
187 2768 220 2803 5.
250 2769 475 2803 Pearsonium
499 2768 542 2802 ad
565 2767 770 2812 Symbolum
792 2769 882 2813 Apo-

144 2815 222 2848 stol.
248 2825 282 2860 p.
306 2814 382 2848 281.
406 2814 482 2848 566.
521 2812 812 2848 Elmenhorstium
839 2813 881 2847 ad

146 2859 362 2894 Gennadium
388 2859 428 2893 de
453 2859 682 2903 Dogmatibus
707 2857 882 2929 Ecclesp.

149 2904 222 2939 103.
245 2905 473 2984 Biveregium
491 2905 532 2938 ad
550 2903 762 2949 Synodicum
780 2915 811 2948 p.
831 2905 883 2937 92.

145 2954 208 2985 etc.
305 2977 312 2984 .

191 3007 219 3029 c.
243 2954 391 3040 lgragiea]
410 2995 538 3030 Contra
555 2995 644 3029 hunc
659 2999 771 3028 exstat
789 3005 883 3040 prae-

148 3041 258 3075 clarus
274 3041 478 3076 Tertulliani
494 3043 590 3076 liber.
638 3044 654 3081 (
658 3040 695 3072 F.
696 3043 713 3081 )

192 3086 223 3120 d.
247 3087 478 3132 Hermogene]
515 3087 567 3122 Ex
595 3085 774 3122 Philastrio
802 3086 883 3122 Her·

948 1671 1012 1704 lari
1029 1681 1130 1716 opere
1146 1680 1297 1703 errorem
1312 1670 1541 1713 Hermogenis
1565 1669 1605 1703 de
1621 1681 1693 1703 ma-

950 1717 1054 1750 teriae
1079 1716 1278 1749 aeternitate
1308 1715 1515 1756 confutavit,
1545 1716 1586 1748 de
1610 1716 1691 1749 Her-

949 1763 1107 1807 mogenis
1125 1761 1446 1807 patripassianismo
1465 1772 1508 1794 ne
1526 1761 1597 1806 γρύ.
1617 1762 1693 1803 (F.)

995 1808 1076 1853 Cap.
1093 1808 1162 1842 LV.
1180 1829 1223 1832 —
1247 1818 1277 1841 a.
1305 1806 1522 1849 Galatarum]
1548 1806 1639 1840 Infra
1665 1820 1692 1840 e.

948 1854 1002 1887 56.
1027 1855 1061 1887 iu
1087 1854 1170 1887 locis
1198 1853 1353 1887 Galatiae
1379 1853 1584 1886 commorari
1601 1853 1692 1886 affir-

948 1904 1019 1933 mat
1035 1900 1259 1933 Hermioritas
1278 1904 1310 1932 et
1326 1898 1560 1932 Proclianitas.
1591 1899 1693 1952 Apud

948 1946 1202 1979 Nazianzenum
1220 1945 1312 1978 Orat.
1334 1944 1384 1977 14.
1401 1955 1434 1989 p.
1453 1944 1528 1977 221.
1546 1943 1565 1986 ἡ
1585 1944 1692 1976 Fam-

949 1993 1013 2024 τῶν
1032 1989 1122 2023 ἄνοια
1138 1991 1181 2024 ad
1195 1991 1325 2024 similes
1338 1990 1530 2023 haereticos
1544 1991 1693 2034 respicit,

947 2037 1060 2071 verbis
1077 2037 1179 2070 simul
1196 2037 1350 2082 repetitis
1371 2047 1415 2069 ex
1435 2036 1581 2081 epistola
1595 2035 1694 2069 Pauli

949 2083 992 2116 ad
1012 2082 1152 2117 Galatas
1169 2082 1225 2116 ΙΠ.
1248 2083 1287 2123 1.,
1306 2082 1365 2116 ubi
1383 2092 1442 2115 eos
1467 2082 1510 2115 ab
1533 2083 1691 2126 apostolo

949 2129 1100 2173 regionis
1116 2139 1199 2162 suae
1215 2128 1423 2174 proprietate
1436 2128 1565 2173 pulsari
1579 2128 1693 2160 obser-

950 2178 1008 2208 vat
1029 2174 1277 2218 Hieronymus,
1302 2184 1383 2207 nam
1407 2178 1441 2206 et
1465 2172 1694 2206 Callimachus

950 2220 1052 2265 poeta
1064 2220 1194 2254 Galatis
1205 2220 1387 2253 stultitiam
1401 2219 1586 2264 exprobrat
1596 2218 1693 2263 hym·

951 2277 996 2300 no
1013 2266 1048 2299 in
1066 2266 1189 2299 Delum
1206 2277 1237 2299 v.
1258 2265 1330 2299 184.
1356 2269 1458 2310 atque
1484 2262 1608 2309 ἄφρονα
1635 2267 1693 2309 φῦ-

952 2311 1009 2344 λον
1027 2312 1186 2357 appellat.
1234 2312 1309 2352 (F.)

997 2357 1029 2391 b.
1055 2357 1189 2391 Seleuci
1207 2362 1239 2390 et
1255 2357 1430 2400 Hermiae]
1465 2356 1589 2390 Confer
1607 2367 1693 2401 quac

953 2403 993 2437 de
1015 2403 1229 2437 Seleucianis
1254 2407 1288 2436 et
1310 2403 1505 2436 Hermianis
1530 2403 1694 2445 Augusti-

953 2459 1018 2482 nus
1036 2454 1069 2483 et
1084 2448 1333 2482 Praedestinati
1349 2448 1479 2481 Auctor
1495 2458 1522 2481 c.
1541 2448 1594 2481 59.
1630 2448 1695 2488 Qui

953 2499 1070 2528 autem
1078 2495 1233 2528 Hermias
1246 2493 1429 2527 Philastrio
1444 2498 1477 2526 et
1486 2494 1693 2537 Augustino,

953 2540 1044 2574 idem
1067 2540 1295 2581 Tertulliano,
1326 2539 1384 2584 qui
1409 2539 1621 2583 singularem
1646 2539 1694 2571 illi

953 2586 1080 2620 librum
1097 2586 1268 2631 opposuit,
1285 2586 1531 2629 Hermogenes.
1582 2584 1655 2625 (F.)

998 2642 1026 2665 c.
1050 2642 1119 2665 non
1142 2632 1189 2665 ita
1207 2631 1393 2676 accipiunt]
1423 2631 1585 2664 Animam
1602 2629 1692 2662 vide-

952 2677 1029 2711 licet
1052 2678 1083 2711 ei
1099 2677 1305 2717 tribuentes,
1323 2682 1358 2709 et
1376 2676 1617 2710 rationabilem
1634 2674 1691 2707 ha-

952 2723 1090 2763 bentes,
1120 2727 1154 2756 et
1177 2727 1346 2767 negantes
1371 2732 1389 2755 a
1416 2722 1478 2756 deo
1507 2725 1604 2766 patre
1632 2731 1692 2764 per

949 2767 1060 2802 filium
1075 2768 1214 2802 factam.

998 2813 1028 2847 d.
1054 2825 1123 2847 non
1142 2814 1191 2847 ita
1206 2814 1393 2858 accipiunt]
1419 2812 1494 2847 Non
1517 2812 1563 2845 ita
1585 2811 1692 2844 accci-

952 2859 1050 2904 piunt
1069 2864 1105 2893 ut
1118 2859 1264 2893 ecclesia
1275 2859 1398 2904 accipit
1411 2857 1586 2896 catholica,
1601 2856 1690 2900 quod

953 2915 973 2938 a
990 2904 1052 2938 deo
1074 2908 1168 2949 patre
1190 2916 1250 2950 per
1270 2904 1379 2938 filium
1402 2903 1539 2937 condita
1560 2902 1603 2934 sit
1620 2911 1691 2934 ma-

953 2950 1039 2983 teria
1051 2960 1094 2983 ex
1107 2949 1226 2991 nihilo,
1243 2955 1346 2994 atque
1359 2948 1390 2988 ἐξ
1407 2948 1465 2981 οὐκ
1484 2945 1584 2980 ὄντων
1597 2947 1692 2980 iussa

953 3006 1040 3036 esse,
1058 3006 1144 3040 quae
1161 3000 1240 3029 ante
1257 3007 1325 3029 non
1343 3000 1425 3034 erat,
1448 2998 1479 3025 et
1497 2992 1631 3026 animae
1648 2993 1691 3025 ab

954 3041 1074 3074 eodem
1091 3040 1153 3074 deo
1177 3041 1287 3075 factae
1308 3041 1377 3074 sint
1399 3049 1458 3084 per
1475 3037 1598 3071 filium:
1631 3038 1689 3072 sed

952 3087 1048 3122 illam
1064 3086 1202 3131 quidem
1217 3086 1412 3126 materiam,
1436 3083 1568 3119 animae
1588 3084 1691 3118 ratio-
