2052 3374
635 184 685 210 DE
704 184 938 210 HAERESIBUS
957 185 1079 210 LIBER.
1544 187 1623 227 211

80 290 133 332 ad
152 287 418 342 Aquiloniam
443 291 624 342 partem,
653 301 736 342 qua
755 288 818 330 sol
846 303 941 331 cum
961 289 1160 331 occiderit
1180 289 1234 331 ad
1263 291 1465 330 orientem
1485 302 1623 331 rever-

81 357 199 409 titur,
227 359 340 396 stant
361 359 538 396 orantes.
588 355 858 397 Peccatorum
880 359 1082 411 originem
1103 371 1184 399 non
1207 357 1337 399 libero
1360 358 1529 399 arbitrio
1550 371 1624 399 vo-

79 423 264 476 luntatis,
287 423 359 464 sed
382 424 639 465 substantiae
662 425 851 465 tribuunt
871 428 1005 479 gentis
1029 426 1248 480 adversae,
1277 441 1400 481 quam
1421 426 1624 479 dogmati-

78 495 218 533 zantes
240 505 332 532 esse
352 492 590 533 hominibus
611 495 799 545 mixtam,
822 508 987 547 omnem
1011 508 1176 535 carnem
1197 509 1281 536 non
1303 495 1382 548 dei,
1404 495 1476 536 secl
1492 494 1625 536 malac

77 562 229 602 mentis
256 560 479 616 perhibent
507 575 597 601 esse
628 562 857 616 opificium,
895 576 998 616 quae
1028 577 1051 603 a
1080 566 1283 605 contrario
1315 565 1519 619 principio
1551 563 1625 605 deo

79 633 296 671 coaeterna
315 633 391 670 est.
443 629 699 670 Moza-nalem
721 631 1123 684 concupiscentiam,
1152 646 1233 685 qua
1254 647 1347 675 caro
1371 634 1628 687 concupiscit

77 697 275 739 adversus
297 699 510 753 spiritum,
538 712 622 739 11011
654 712 704 739 ex
733 699 879 740 vitiata
906 700 950 739 111
977 701 1109 753 primo
1139 699 1306 741 homine
1335 706 1483 742 natura
1504 700 1626 742 nobis

76 767 212 808 inesse
234 766 537 818 infirmitatem,
566 766 639 807 sed
668 766 947 807 substantiam
974 767 1118 808 volunt
1149 782 1240 809 esse
1270 771 1537 813 contrariam,
1567 771 1625 810 sic

75 833 196 876 nobis
217 833 527 887 adhaerentem,
548 838 594 875 ut
614 834 777 888 quando
799 834 1024 876 liberamur
1045 840 1168 890 atque
1190 851 1435 891 purgamur,
1459 851 1624 893 separe-

74 906 141 944 tur
160 916 186 943 a
204 902 340 956 nobis,
363 907 404 943 et
424 905 467 944 in
489 917 564 944 sua
584 907 731 943 natura
752 904 876 944 etiam
898 905 991 958 ipsa
1011 905 1301 946 immortaliter
1321 907 1451 947 vivat:
1476 920 1626 962 easque

77 970 178 1013 duas
198 973 379 1024 animas,
406 971 473 1013 vel
495 971 597 1012 duas
618 975 800 1024 mentes,
829 985 955 1012 unam
976 971 1150 1025 bonam,
1180 973 1353 1016 alteram
1379 974 1555 1029 malam,
1581 977 1627 1017 in

75 1053 156 1082 11110
182 1039 349 1082 1101111110
378 1041 486 1081 inter
514 1053 557 1080 se
585 1039 737 1081 habere
768 1040 1027 1093 conflictum,
1057 1042 1221 1095 quando
1251 1057 1344 1084 caro
1369 1045 1627 1099 concupiscit

75 1107 272 1151 adversus
294 1109 505 1163 spiritum,
535 1111 577 1149 et
597 1109 770 1163 spiritus
788 1108 986 1149 adversus
1009 1123 1198 1161 carnem3
1230 1125 1305 1152 nec
1335 1113 1380 1153 111
1408 1113 1528 1154 nobis
1559 1127 1624 1154 sa-

75 1180 218 1219 natum
244 1177 322 1218 1100
350 1178 517 1230 vitium,
547 1177 672 1218 sicuti
700 1191 775 1218 nos
798 1176 996 1230 dicimus,
1024 1191 1239 1233 nunquam
1266 1180 1472 1233 futurum,
1500 1180 1574 1223 sed
1602 1195 1627 1222 a

75 1244 194 1287 nobis
216 1246 448 1287 seiunctam
468 1249 590 1299 atque
612 1245 820 1286 seclusam
842 1246 1118 1287 substantiam
1139 1248 1265 1290 istam
1285 1249 1409 1303 mali,
1438 1253 1479 1290 et
1506 1250 1624 1292 finito

75 1315 154 1356 isto
175 1312 314 1356 seculo
336 1317 430 1369 post
453 1313 817 1367 conflagrationem
836 1314 982 1355 mundi
1003 1316 1046 1355 111
1068 1314 1188 1368 globo
1212 1317 1405 1372 quodam,
1426 1322 1626 1374 tanquam

73 1383 118 1424 in
132 1395 296 1424 carcere
317 1384 582 1438 sempiterno,
605 1396 694 1424 esse
715 1383 932 1424 victuram.
965 1383 1038 1424 Cui
1059 1383 1179 1437 globo
1202 1385 1411 1428 affirmant
1431 1401 1623 1430 accessu-

73 1464 166 1492 rum
185 1464 350 1507 semper
371 1456 411 1492 et
431 1450 708 1492 adhaesurum
729 1452 846 1505 quasi
869 1453 1170 1506 coopertorium
1191 1458 1313 1508 atque
1332 1457 1553 1499 tectorium
1573 1470 1625 1498 ex

73 1519 306 1572 animabus,
327 1523 476 1560 natura
496 1519 663 1574 quidem
685 1520 828 1571 bonis,
857 1520 929 1561 sed
958 1525 1097 1562 tamen
1125 1534 1229 1576 quae
1258 1536 1342 1565 non
1368 1526 1582 1579 potuerint
1601 1541 1625 1567 a

73 1591 245 1630 naturae
265 1588 398 1630 malae
422 1589 664 1642 contagione
685 1589 864 1644 purgari.

156 1657 427 1711 ¹Hieracitae,
443 1670 618 1712 quorum
633 1661 775 1698 auctor
791 1657 965 1698 llieraca
980 1663 1257 1713 nuncupatur,
1276 1663 1624 1705 resurrectionem

75 1727 210 1768 carnis
230 1730 395 1781 negant.
437 1725 660 1767 Monachos
678 1729 842 1766 tantum
865 1730 904 1766 et
925 1727 1148 1768 monachas
1171 1733 1212 1769 et
1233 1731 1422 1784 coniugia
1441 1744 1527 1773 non
1546 1731 1620 1774 ha-

75 1794 220 1836 bentes
242 1796 285 1836 in
307 1795 640 1836 communionem
661 1795 879 1849 recipiunt.
910 1794 976 1836 Ad
998 1808 1172 1849 regnum
1193 1796 1401 1840 caelorum
1421 1813 1505 1841 non
1526 1814 1620 1856 per-

74 1864 205 1905 tinere
225 1862 418 1918 parvulos
441 1862 605 1915 dicunt,
634 1864 730 1917 quia
757 1876 840 1904 non
869 1867 966 1904 sunt
992 1865 1051 1905 eis
1079 1864 1166 1906 ulla
1190 1868 1340 1909 merita
1367 1870 1622 1924 certaminis,

75 1944 153 1986 quo
173 1932 277 1973 vitia
297 1930 581 1986 2superantur.

156 1999 368 2042 Meletiani
396 2014 420 2040 a
439 1999 604 2040 Meletio
633 2001 883 2054 nuncupati,
911 1999 1101 2043 nolentes
1129 2016 1244 2044 orare
1273 2018 1368 2046 oum
1395 2009 1622 2061 conversis,

75 2068 118 2110 id
138 2071 202 2110 est
223 2070 281 2109 eis
303 2070 372 2122 qui
394 2069 437 2109 in
459 2069 744 2122 persecutione
767 2067 1025 2123 ceciderunt,
1047 2070 1251 2113 lschisma
1270 2073 1470 2116 fecerunt.
1501 2075 1621 2118 Nunc

75 2140 213 2178 autem
233 2136 427 2177 dicuntur
446 2136 612 2177 Arianis
635 2149 725 2177 esse
749 2138 972 2179 coniuncti.

156 2205 314 2256 Ariani,
336 2204 387 2245 ab
411 2204 523 2256 Ario,
545 2205 587 2244 in
605 2217 651 2245 eo
670 2208 766 2245 sunt
783 2206 988 2247 notissimi
1007 2220 1141 2249 errore
1159 2222 1237 2262 quo
1255 2215 1416 2265 patrem
1433 2215 1473 2252 et
1489 2212 1620 2255 filium

74 2277 116 2315 et
134 2275 327 2329 spiritum
348 2277 539 2314 sanctum
570 2271 716 2314 nolunt
744 2287 834 2314 esse
864 2276 986 2316 unius
1009 2276 1275 2332 eiusdemque
1303 2284 1474 2322 naturae
1495 2285 1618 2336 atque

75 2341 345 2394 substantiae,
367 2345 437 2382 aut
457 2344 502 2381 ut
523 2342 759 2395 expressius
777 2341 950 2396 dicatur,
972 2346 1192 2398 essentiae,
1215 2360 1318 2400 quae
1336 2348 1447 2388 οὐσία
1465 2350 1617 2392 Graece

74 2409 323 2466 appellatur:
345 2409 418 2450 sed
440 2422 529 2450 esse
552 2408 684 2450 filium
705 2414 948 2464 creaturam,
970 2414 1162 2466 spiritum
1182 2428 1278 2456 vero
1297 2420 1486 2458 sanctum
1503 2433 1616 2460 crea-

74 2481 209 2520 turam
231 2482 455 2531 creaturae,
477 2478 553 2519 hoc
577 2482 639 2518 est
660 2477 710 2518 ab
733 2480 821 2533 ipso
843 2479 926 2521 filio
949 2485 1134 2523 creatum
1154 2481 1311 2523 volunt.
1341 2484 1390 2525 In
1411 2498 1458 2527 eo
1479 2492 1618 2529 autem

76 2545 182 2600 quod.
209 2545 418 2588 Christum
446 2548 534 2587 sine
563 2547 701 2586 anima
731 2546 861 2588 solam
888 2561 1053 2590 carnem
1089 2553 1324 2606 suscepisse
1351 2552 1617 2608 arbitrantur,

75 2615 211 2655 minus
232 2616 320 2656 noti
342 2619 450 2656 sunt.
494 2613 579 2655 Nec
602 2613 799 2656 adversus
821 2629 888 2657 005
910 2616 960 2657 ab
984 2617 1118 2672 aliquo
1141 2620 1283 2660 inveni
1306 2619 1357 2661 (10
1377 2620 1454 2662 hac
1476 2636 1518 2664 re
1539 2623 1615 2664 ali-

76 2682 237 2736 quando
258 2683 386 2725 fnisse
414 2686 629 2725 certatum.
680 2682 763 2724 Sed
789 2682 866 2725 hoc
896 2698 1040 2727 verum
1067 2700 1158 2728 esse
1186 2691 1227 2729 et
1246 2687 1502 2744 Epiphanius
1532 2704 1615 2732 non

165 2805 214 2840 14.
234 2806 345 2842 Galat.
361 2807 402 2842 V.
421 2806 472 2843 17.

164 2851 247 2898 Gap.
263 2852 396 2887 XLVlI.
413 2874 457 2880 —
486 2853 512 2886 1.
529 2852 629 2886 Editi
643 2850 866 2888 Hierachitae.
914 2855 964 2887 At
986 2853 1081 2889 MSS.
1100 2856 1221 2902 abs-que
1236 2869 1253 2890 s
1264 2861 1424 2892 ›iratione
1439 2861 1476 2892 iu
1491 2866 1614 2904 quarta

76 2897 206 2940 syllaba
221 2898 422 2932 Hieracitae.
467 2899 594 2932 Graeci
616 2897 794 2942 Ἱερακίται.
857 2898 999 2943 Bened.)
1070 2901 1099 2934 2.
1115 2901 1174 2935 Sic
1196 2902 1237 2935 M
1285 2929 1292 2936 .
1325 2905 1376 2937 At
1390 2903 1518 2938 Lovan.
1537 2906 1615 2940 edit.

78 2947 282 2988 separentur.
329 2943 396 2979 Ed.
413 2943 556 2978 Erasmi
571 2949 782 2988 superentur.
829 2945 838 2989 (
877 2946 986 2988 ened.)

165 2987 246 3034 Cap.
267 2987 420 3024 XLVIII.
436 3008 480 3014 —
506 2990 535 3024 1.
559 2989 666 3034 Apud
688 2988 816 3023 Lunam.
840 2991 894 3023 vel
916 2991 1064 3025 schisma
1085 2992 1247 3029 fecerunt.
1296 2995 1399 3027 Abest
1421 2996 1473 3029 vel
1498 2996 1540 3029 ab
1563 2998 1612 3030 ed.

79 3031 211 3068 Erasm.
228 3040 260 3068 et
275 3048 297 3067 α
313 3033 408 3068 Mss.
455 3033 608 3080 (Benod.)

1284 3097 1343 3128 14·

1649 1681 1714 1714 Cap.
1734 1681 1847 1708 XLVII.

1646 2024 1713 2059 Cap.
1732 2025 1859 2051 XLvnr.

1646 2231 1711 2265 Cap.
1731 2232 1825 2257 XLIX.
