2052 3342
1025 185 1223 212 PfflLASTm

353 191 429 232 176

351 292 484 334 dicere
508 291 698 341 dignatus
721 295 829 331 estss':
876 289 1004 331 Putas
1023 290 1141 342 filius
1170 288 1364 341 hominis,
1393 304 1486 331 cum
1510 292 1686 341 venerit,
1715 289 1895 330 inveniet

350 363 465 409 fidem
489 375 613 415 snper
634 359 815 399 terram?
847 359 950 408 Quia
971 363 1011 398 et
1033 362 1127 398 ante
1149 358 1375 413 “propheta
1391 357 1498 411 quod
1514 360 1724 399 nuntiarat
1736 359 1778 398 in
1790 370 1893 412 pau-

352 432 424 474 cis.
447 435 487 468 et
510 434 603 483 post
625 428 776 468 ('ln·isti
800 428 1090 481 praesentiam,
1114 428 1349 480 passionem
1371 430 1412 466 et
1427 428 1769 468 resurrectionem
1790 427 1894 478 eius,

351 497 615 550 divinamque
639 497 886 536 sententiani
919 495 1026 548 quod
1056 499 1195 535 essent
1218 493 1580 548 praevaricaturih,
1608 494 1684 536 hoc
1705 497 1764 535 ita
1783 507 1892 534 nun-

351 568 494 605 tiatum
519 567 585 610 sit.
609 570 653 604 ut
674 566 758 604 sint
780 563 975 604 haeretici
999 563 1118 604 hodic
1141 564 1207 616 qui
1232 578 1255 602 a
1277 563 1423 617 spiritu
1445 567 1586 604 sancto
1602 562 1810 604 autasslio
1827 575 1893 603 re-

351 634 544 674 cedentes
576 632 781 673 diversam
812 633 1043 672 maiestatis
1075 636 1116 671 et
1153 633 1359 686 potentiae
1394 630 1676 685 ⁷qualitatemi
1708 630 1891 685 quotidie

350 702 592 757 praedicant
613 702 865 741 aberrantes.
900 701 942 740 ln
968 701 1042 741 hoc
1065 713 1158 752 ergo
1182 714 1255 741 nos
1278 703 1438 754 oportet
1453 712 1675 751 agnoscere
1698 699 1807 753 quod
1828 699 1892 739 su-

353 770 532 816 niculus,
564 775 607 810 ut
627 771 685 810 ait
706 768 966 820 5Solomonl‘7
995 768 1143 823 triplex
1166 782 1247 808 non
1271 768 1561 822 disrumpitur,
1589 767 1698 822 quod
1719 771 1761 808 et
1780 767 1894 808 credi

351 839 472 879 (lebet
494 855 517 878 a
537 838 672 889 nobis,
694 838 800 891 quod
824 843 865 878 et
886 838 934 878 de
958 837 1098 878 divina
1119 837 1352 877 substantia
1373 840 1413 876 et
1430 837 1593 891 propria
1610 835 1717 877 lilius
1735 839 1776 877 et
1796 849 1893 877 san-

350 915 439 949 ctus
462 909 515 947 sit
539 907 680 947 itidem
703 908 896 961 spiritus,
920 907 1027 960 patri
1049 907 1200 960 quippe
1224 918 1434 946 connexus
1456 906 1497 945 in
1520 904 1731 957 omnibus,
1763 906 1833 959 qui
1854 907 1896 944 et

351 977 540 1027 cognosci
569 975 693 1016 debet
721 979 761 1014 et
788 975 865 1015 coli
888 974 939 1014 al)
963 974 1166 1014 omnibus.
1199 975 1245 1014 ln
1267 974 1343 1014 hac
1365 987 1457 1027 ergo
1481 974 1768 1015 coniunctione
1790 972 1894 1028 bap-

351 1047 459 1085 tismi
490 1050 529 1084 ct
556 1043 735 1084 salvator
756 1057 831 1084 nos
854 1043 1045 1095 dignatus
1068 1047 1130 1083 est
1152 1043 1417 1093 confirmare,
1445 1041 1689 1096 imperans¹:
1735 1041 1895 1082 Eume&

352 1113 558 1168 basilium)
587 1128 720 1152 omnes
744 1119 881 1166 flente->³
905 1113 945 1151 in
973 1113 1135 1152 nomine
1158 1112 1297 1166 patris·
1326 1111 1459 1163 etfiliz'
1483 1118 1521 1151 et
1546 1111 1719 1165 spiritus
1745 1111 1893 1152 sancti.

350 1182 395 1223 In
425 1196 503 1235 quo
536 1183 832 1231 ‹emiiungcntes
864 1180 993 1220 tilium
1024 1181 1151 1234 patri⁷
1183 1183 1224 1219 et
1254 1181 1445 1234 spiritum
1477 1192 1569 1220 cum
1598 1178 1681 1219 filio
1703 1182 1744 1219 et
1763 1181 1895 1234 patre,

351 1250 454 1292 hanc
478 1250 654 1290 salutem
681 1250 992 1301 “cognoscimur
1013 1248 1221 1302 adepturi,
1249 1249 1345 1301 quia
1365 1261 1447 1288 non
1476 1247 1640 1288 aliunde
1662 1246 1807 1288 salutis
1827 1260 1894 1287 re-

350 1320 553 1371 modium,
575 1320 655 1359 nisi
679 1332 727 1357 ex
750 1317 828 1358 lide
854 1317 927 1357 liac
949 1317 1128 1357 humano
1150 1317 1289 1367 generi
1311 1317 1597 1369 cognoscimus
1619 1316 1650 1340 ¹⁰
1661 1315 1892 1356 affuturam.

350 1388 468 1430 Unde
491 1392 531 1427 ot
555 1389 593 1427 in
617 1387 691 1427 liae
714 1387 1003 1427 coniunctione
1033 1390 1201 1425 sanctae
1231 1385 1546 1438 adorandaeque
1573 1385 1773 1426 trinitatis
1793 1397 1892 1438 gau-

351 1456 509 1509 demus,
530 1458 573 1496 in
595 1470 675 1509 qua
694 1460 789 1495 ante
811 1454 945 1496 Adam
975 1458 1091 1508 pater
1119 1458 1259 1495 noster
1294 1453 1400 1506 Noe,
1428 1451 1657 1506 Abraham,
1692 1452 1893 1508 ¹1Moyses

351 1531 391 1566 et
413 1525 656 1580 prophetae,
685 1523 940 1575 sacerdotes,
971 1523 1126 1563 iudices
1148 1527 1189 1562 et
1209 1522 1406 1577 apostoli,
1435 1523 1588 1577 pariter
1619 1525 1661 1563 et
1685 1521 1892 1575 evangeli-

351 1600 436 1634 stae
462 1593 820 1648 ¹²praedicantes¹¹¹
849 1596 1089 1633 meruerunt
1118 1592 1316 1644 consequi
1346 1590 1577 1643 angelicam
1611 1590 1896 1644 dignitatemn,

353 1666 390 1703 in
416 1677 496 1716 qua
518 1667 558 1701 et
580 1661 755 1701 ecclesia
777 1660 979 1701 catholica
998 1659 1177 1711 exultat,
1200 1659 1275 1700 hoc
1298 1659 1545 1713 praedicans
1567 1659 1748 1713 quotidie
1769 1663 1893 1712 atque

351 1731 541 1781 edocens,
564 1730 789 1783 eademque
813 1730 918 1769 hanc
948 1743 1112 1769 omnem
1135 1729 1390 1783 impietatem
1411 1741 1614 1782 paganam
1635 1731 1677 1768 et
1697 1728 1894 1781 iniquita·-

351 1804 434 1840 tem
459 1799 665 1840 Iudaicam
688 1798 906 1838 destruens
929 1797 1110 1850 quotidie
1134 1798 1243 1837 omni
1269 1796 1426 1837 exultat
1457 1797 1500 1836 in
1521 1795 1681 1850 gaudio.
1730 1795 1835 1837 Nam
1856 1799 1897 1836 et

352 1870 385 1909 si
407 1868 557 1922 triplex
579 1867 785 1908 funiculus
808 1866 931 1906 debet
952 1867 1083 1920 accipi
1106 1867 1284 1920 primum
1311 1864 1520 1917 mandati⁷
1548 1864 1694 1906 deinde
1723 1863 1824 1917 legis
1851 1865 1895 1906 in

442 1970 471 2003 Γ».
491 1968 656 2014 propheta
679 1968 768 2012 quod
792 1967 962 2000 nuntiarat
983 1981 1050 2011 eyn.
1069 1978 1088 1999 a
1111 1965 1276 2011 propheta
1293 1966 1384 2011 quod
1406 1969 1487 2000 tunc
1506 1969 1577 1999 erat
1597 1966 1800 2000 Galaardus.
1818 1976 1896 2009 pro-

352 2014 451 2063 pheta
471 2015 559 2059 quod
578 2019 657 2047 tunc
677 2018 748 2046 erat
766 2014 846 2045 libri
862 2025 979 2047 onmes.
1029 2013 1059 2047 7.
1078 2013 1277 2057 qualitatem
1298 2025 1366 2055 eye.
1386 2012 1665 2056 inaequalitatem
1682 2012 1762 2044 libri
1778 2022 1895 2045 omnes.

351 2064 383 2140 Ξ.
403 2061 567 2138 Salompn
585 2061 634 2094 lac.
683 2062 713 2094 9.
730 2059 972 2103 cognoscimus
991 2059 1019 2093 h.
1071 2059 1120 2092 10.
1138 2057 1324 2092 affuturum
1339 2058 1367 2092 b.
1418 2057 1467 2092 11.
1481 2058 1597 2092 Moses
1615 2058 1687 2092 ahc.
1737 2056 1787 2092 12.
1800 2066 1896 2102 prae-

376 2108 501 2141 icentes
533 2108 586 2140 ἐα.

395 2220 428 2251 Ξ.
446 2209 605 2242 (lominus
619 2207 727 2240 dicere
741 2207 902 2251 dignatus
916 2207 979 2251 est}
997 2207 1079 2240 Luc.

395 2246 409 2253 ,⁷
1149 2217 1214 2251 que
1230 2207 1343 2239 locum
1366 2205 1559 2250 inspicienti
1577 2205 1676 2239 facile
1695 2214 1898 2250 persuasum

351 2255 474 2289 XVIII.
498 2256 528 2287 S.
569 2252 677 2295 ,Πλὴν
702 2251 718 2284 ὃ
744 2252 809 2290 υἷὀς
834 2255 891 2284 τοῦ
916 2252 1086 2297 ἀνθρώπων

1155 2253 1211 2292 iri,
1229 2263 1307 2285 cum
1325 2256 1358 2285 et
1373 2252 1476 2296 paulo
1496 2255 1597 2284 antea
1615 2251 1739 2284 dixerit
1752 2261 1897 2296 „pauco-

351 2300 454 2333 ἐλθὼν
481 2298 541 2344 ἄρα
566 2298 688 2343 εὑρήσει
712 2297 815 2330 πίστιν
840 2296 889 2330 ἐπὶ
913 2300 966 2340 τῆς
990 2298 1086 2342 γῆς;“’

350 2347 491 2388 (Fam.)

396 2415 428 2449 h.
453 2414 670 2458 divinamque
694 2411 898 2445 seutentiam
922 2411 1011 2455 quod
1036 2422 1087 2444 es-

352 2466 427 2495 sent
449 2458 729 2505 praevaricaturi]
766 2458 857 2491 Haec
885 2457 1087 2501 epexegesis

351 2511 403 2540 est
415 2517 533 2540 eorum
544 2516 630 2550 quae
639 2506 894 2549 praecesserant
907 2503 1088 2535 verborum

355 2551 539 2597 „propheta
556 2550 646 2595 quod
662 2548 868 2583 nuntiarat.”

398 2622 418 2654 i.
444 2618 657 2665 qualitatem]
693 2617 746 2650 Ita
769 2616 891 2660 scripsi
911 2627 972 2660 pro
997 2618 1089 2648 inae-

352 2668 555 2710 qualitatem.
595 2664 829 2707 Augmentum
852 2661 1009 2694 videlicet
1031 2672 1089 2694 vo-

353 2712 474 2745 cabulo
488 2714 683 2744 accreverat
695 2709 735 2741 de
744 2708 981 2740 terminatione
994 2717 1090 2751 prae-

353 2768 492 2801 gressae
509 2757 601 2790 vocis
612 2756 783 2800 potentia
794 2766 819 2786 e.
836 2773 879 2777 —
901 2752 1013 2797 Supra
1030 2763 1090 2796 pro

356 2800 463 2844 ¹{Quia
472 2805 590 2835 etante
597 2799 782 2845 propheta”
793 2798 980 2832 Galeardus
993 2809 1090 2841 repo-

354 2849 421 2881 suit
440 2848 547 2890 „Quia
560 2851 593 2880 et
609 2850 688 2879 ante
704 2856 724 2878 a
738 2843 937 2889 propheta‚⁷'
954 2847 1089 2876 senten-

352 2895 436 2926 tiam
452 2893 606 2927 indicans
624 2891 721 2924 aliter
734 2893 889 2923 constare
901 2900 971 2922 non
987 2899 1089 2933 posse

352 2940 419 2972 nisi
432 2939 575 2972 addatur
587 2936 805 2983 praepositio,
821 2945 919 2975 ..cum
932 2934 997 2968 hoc
1009 2934 1090 2967 velit

352 2984 562 3025 Philastiius,
577 2987 617 3016 ut
632 2981 722 3027 quod
733 2986 815 3014 tunc
827 2981 945 3013 eratin
958 2980 1087 3024 paucis,

354 3028 419 3064 hoc
434 3031 481 3064 ita
497 3041 518 3063 a
539 3028 707 3074 propheta
725 3026 923 3062 nuntiatum
939 3026 1014 3067 sit‚’'
1037 3025 1086 3060 id-

1156 2309 1230 2331 rum
1242 2297 1391 2342 perfecte
1405 2297 1524 2330 electio
1535 2297 1757 2330 nuntiabatur
1766 2307 1827 2341 per
1837 2306 1897 2338 an-

1156 2345 1273 2386 gelum
1293 2342 1474 2376 affutura.⁷'
1508 2342 1578 2375 Nos
1602 2343 1650 2375 eis
1665 2342 1777 2376 verbis
1800 2342 1899 2375 aliter

1155 2389 1405 2422 succurendum
1427 2388 1709 2421 existimavimus.
1738 2387 1788 2421 De
1802 2387 1899 2422 verbi

1158 2438 1312 2467 ›zzmtiare
1321 2445 1385 2467 usu
1398 2434 1673 2478 frequentissimo
1686 2433 1776 2478 apud
1787 2432 1899 2466 Phila-

1157 2481 1279 2513 strium
1296 2480 1337 2513 cf.
1355 2479 1485 2514 adnott.
1503 2479 1546 2513 ad
1563 2490 1636 2524 cap.
1655 2478 1727 2513 134.

1202 2525 1234 2560 k.
1260 2529 1298 2559 ut
1313 2525 1361 2558 ait
1373 2525 1553 2567 Solomon]
1575 2524 1665 2558 Loco
1679 2524 1824 2559 adducto
1836 2523 1898 2559 Ec-

1158 2571 1337 2604 clesiastae
1353 2570 1409 2604 IV.
1435 2570 1485 2604 12.
1533 2570 1608 2612 (F.)

1214 2618 1236 2649 l.
1277 2616 1464 2661 imperans]
1509 2615 1630 2650 Matth.
1657 2615 1816 2650 XXVIII.
1846 2614 1896 2649 19.

1162 2661 1389 2706 ,ᾸΙορευΟέντες
1407 2662 1626 2706 μαθητεύσατε
1642 2659 1744 2694 πάντα
1765 2661 1805 2694 τὰ
1824 2658 1896 2703 ἔθνη

1161 2707 1365 2750 βαπτίζοντες
1389 2706 1504 2745 αὐτοὺς
1527 2705 1567 2745 εἰς
1584 2706 1621 2739 ‘rb
1643 2703 1745 2751 ὄνομα
1760 2709 1817 2738 τοῦ
1835 2717 1896 2738 πα-

1160 2752 1233 2796 τρὸς
1251 2753 1302 2785 καὶ
1320 2756 1377 2785 τοῦ
1400 2751 1468 2785 υἱοῦ
1493 2752 1546 2785 καὶ
1568 2755 1626 2784 τοῦ
1643 2750 1734 2796 ἁγίου
1758 2750 1897 2796 πνεύμα-

1159 2798 1244 2835 τος.”
1269 2797 1480 2839 philastrius,
1497 2801 1536 2831 ut
1557 2798 1652 2838 solet,
1674 2797 1778 2831 verba
1794 2807 1896 2841 quae-

1159 2843 1236 2875 dam
1261 2844 1396 2877 omittit.
1444 2843 1518 2885 (F.)

1209 2900 1255 2923 m.
1295 2889 1554 2934 praedicantes]
1592 2887 1722 2922 Vitiose
1752 2887 1894 2922 Helmst.

1151 2936 1398 2978 praedicentes.
1451 2934 1526 2975 (F.)

1158 2991 1234 3058 19141.
1259 2981 1452 3024 angelicam
1475 2978 1690 3024 dignitatem]
1733 2978 1846 3024 Supra
1865 2989 1894 3013 c.

1177 3041 1197 3058 υ
1223 3051 1230 3058 .
1277 3026 1353 3066 (F.)
