<?xml version="1.0" encoding="UTF-8"?>
<!DOCTYPE html PUBLIC "-//W3C//DTD XHTML 1.0 Transitional//EN"
    "http://www.w3.org/TR/xhtml1/DTD/xhtml1-transitional.dtd">
<html xmlns="http://www.w3.org/1999/xhtml" xml:lang="en" lang="en">
 <head>
  <title>
</title>
<meta http-equiv="Content-Type" content="text/html;charset=utf-8" />
  <meta name='ocr-system' content='tesseract 3.04.00' />
  <meta name='ocr-capabilities' content='ocr_page ocr_carea ocr_par ocr_line ocrx_word'/>
</head>
<body>
  <div class='ocr_page' id='page_1' title='image "./corporishaereseo01epipuoft_0049.png"; bbox 0 0 2084 3374; ppageno 0'>
   <div class='ocr_carea' id='block_1_1' title="bbox 729 224 1173 251">
    <p class='ocr_par' dir='ltr' id='par_1_1' title="bbox 729 224 1173 251">
     <span class='ocr_line' id='line_1_1' title="bbox 729 224 1173 251; baseline 0 -1"><span class='ocrx_word' id='word_1_1' title='bbox 729 225 780 251; x_wconf 86' lang='lat' dir='ltr'>DE</span> <span class='ocrx_word' id='word_1_2' title='bbox 799 224 1032 251; x_wconf 82' lang='lat' dir='ltr'><strong>HAERESIBUS</strong></span> <span class='ocrx_word' id='word_1_3' title='bbox 1052 224 1173 251; x_wconf 78' lang='lat' dir='ltr'>LIBER.</span> 
     </span>
    </p>
   </div>
   <div class='ocr_carea' id='block_1_2' title="bbox 1667 226 1720 267">
    <p class='ocr_par' dir='ltr' id='par_1_2' title="bbox 1667 226 1720 267">
     <span class='ocr_line' id='line_1_2' title="bbox 1667 226 1720 267; baseline 0 0"><span class='ocrx_word' id='word_1_4' title='bbox 1667 226 1720 267; x_wconf 80' lang='lat'>27</span> 
     </span>
    </p>
   </div>
   <div class='ocr_carea' id='block_1_3' title="bbox 162 328 1723 2166">
    <p class='ocr_par' dir='ltr' id='par_1_3' title="bbox 162 328 1723 2081">
     <span class='ocr_line' id='line_1_3' title="bbox 179 328 1720 383; baseline -0.001 -12"><span class='ocrx_word' id='word_1_5' title='bbox 179 333 357 372; x_wconf 88' lang='lat' dir='ltr'>naretur.</span> <span class='ocrx_word' id='word_1_6' title='bbox 397 329 545 370; x_wconf 84' lang='lat' dir='ltr'><strong>Dubiis</strong></span> <span class='ocrx_word' id='word_1_7' title='bbox 570 333 610 370; x_wconf 93' lang='lat' dir='ltr'>et</span> <span class='ocrx_word' id='word_1_8' title='bbox 637 329 965 371; x_wconf 78' lang='lat' dir='ltr'>claudicantibus</span> <span class='ocrx_word' id='word_1_9' title='bbox 986 331 1030 370; x_wconf 88' lang='lat' dir='ltr'>in</span> <span class='ocrx_word' id='word_1_10' title='bbox 1050 329 1138 382; x_wconf 84' lang='lat' dir='ltr'>lege</span> <span class='ocrx_word' id='word_1_11' title='bbox 1160 328 1300 370; x_wconf 88' lang='lat' dir='ltr'>divina</span> <span class='ocrx_word' id='word_1_12' title='bbox 1322 328 1430 383; x_wconf 89' lang='lat' dir='ltr'>quod</span> <span class='ocrx_word' id='word_1_13' title='bbox 1451 328 1556 370; x_wconf 82' lang='lat' dir='ltr'>dixit</span> <span class='ocrx_word' id='word_1_14' title='bbox 1576 329 1720 370; x_wconf 87' lang='lat' dir='ltr'>beatus</span> 
     </span>
     <span class='ocr_line' id='line_1_4' title="bbox 179 396 1721 450; baseline -0.001 -11"><span class='ocrx_word' id='word_1_15' title='bbox 179 398 376 440; x_wconf 85' lang='lat' dir='ltr'>¹¹Helias:</span> <span class='ocrx_word' id='word_1_16' title='bbox 395 396 486 438; x_wconf 81' lang='lat' dir='ltr'>Aut</span> <span class='ocrx_word' id='word_1_17' title='bbox 502 398 588 450; x_wconf 81' lang='lat' dir='ltr'>deo,</span> <span class='ocrx_word' id='word_1_18' title='bbox 607 400 693 450; x_wconf 79' lang='lat' dir='ltr'>deo,</span> <span class='ocrx_word' id='word_1_19' title='bbox 711 406 785 439; x_wconf 81' lang='lat' dir='ltr'>aut</span> <span class='ocrx_word' id='word_1_20' title='bbox 800 398 924 450; x_wconf 86' lang='lat' dir='ltr'>Baal‚</span> <span class='ocrx_word' id='word_1_21' title='bbox 937 398 1087 439; x_wconf 73' lang='lat' dir='ltr'>Baalh.</span> <span class='ocrx_word' id='word_1_22' title='bbox 1114 396 1198 448; x_wconf 77' lang='lat' dir='ltr'>Qui</span> <span class='ocrx_word' id='word_1_23' title='bbox 1212 399 1317 439; x_wconf 82' lang='lat' dir='ltr'>enim</span> <span class='ocrx_word' id='word_1_24' title='bbox 1333 397 1530 438; x_wconf 76' lang='lat' dir='ltr'><em>adhaeret</em></span> <span class='ocrx_word' id='word_1_25' title='bbox 1549 396 1721 449; x_wconf 62' lang='lat' dir='ltr'>Clima,</span> 
     </span>
     <span class='ocr_line' id='line_1_5' title="bbox 176 465 1723 521; baseline -0.001 -13"><span class='ocrx_word' id='word_1_26' title='bbox 176 481 307 508; x_wconf 77' lang='lat' dir='ltr'>unam</span> <span class='ocrx_word' id='word_1_27' title='bbox 322 480 472 521; x_wconf 69' lang='lat' dir='ltr'>corpus</span> <span class='ocrx_word' id='word_1_28' title='bbox 493 465 583 518; x_wconf 64' lang='lat' dir='ltr'>esti,</span> <span class='ocrx_word' id='word_1_29' title='bbox 605 470 646 507; x_wconf 93' lang='lat' dir='ltr'>et</span> <span class='ocrx_word' id='word_1_30' title='bbox 666 468 735 520; x_wconf 90' lang='lat' dir='ltr'>qui</span> <span class='ocrx_word' id='word_1_31' title='bbox 754 465 965 506; x_wconf 84' lang='lat' dir='ltr'>immundo</span> <span class='ocrx_word' id='word_1_32' title='bbox 987 467 1169 519; x_wconf 75' lang='lat' dir='ltr'>spiritui,</span> <span class='ocrx_word' id='word_1_33' title='bbox 1190 481 1298 507; x_wconf 75' lang='lat' dir='ltr'>unus</span> <span class='ocrx_word' id='word_1_34' title='bbox 1320 480 1536 508; x_wconf 74' lang='lat' dir='ltr'>consensus</span> <span class='ocrx_word' id='word_1_35' title='bbox 1557 472 1626 506; x_wconf 78' lang='lat' dir='ltr'>est.</span> <span class='ocrx_word' id='word_1_36' title='bbox 1670 465 1723 507; x_wconf 89' lang='lat' dir='ltr'>Et</span> 
     </span>
     <span class='ocr_line' id='line_1_6' title="bbox 175 533 1720 589; baseline -0.001 -13"><span class='ocrx_word' id='word_1_37' title='bbox 175 534 319 577; x_wconf 83' lang='lat' dir='ltr'><strong>Achab</strong></span> <span class='ocrx_word' id='word_1_38' title='bbox 339 547 413 575; x_wconf 84' lang='lat' dir='ltr'>rex</span> <span class='ocrx_word' id='word_1_39' title='bbox 425 534 670 575; x_wconf 89' lang='lat' dir='ltr'>Iudaeorum</span> <span class='ocrx_word' id='word_1_40' title='bbox 687 548 780 575; x_wconf 90' lang='lat' dir='ltr'>cum</span> <span class='ocrx_word' id='word_1_41' title='bbox 796 533 981 574; x_wconf 88' lang='lat' dir='ltr'>crederet</span> <span class='ocrx_word' id='word_1_42' title='bbox 996 533 1219 574; x_wconf 86' lang='lat' dir='ltr'>Sedechiae</span> <span class='ocrx_word' id='word_1_43' title='bbox 1241 538 1282 575; x_wconf 90' lang='lat' dir='ltr'>et</span> <span class='ocrx_word' id='word_1_44' title='bbox 1296 534 1386 575; x_wconf 89' lang='lat' dir='ltr'>aliis</span> <span class='ocrx_word' id='word_1_45' title='bbox 1407 534 1523 576; x_wconf 84' lang='lat' dir='ltr'>salsis</span> <span class='ocrx_word' id='word_1_46' title='bbox 1543 534 1720 589; x_wconf 85' lang='lat' dir='ltr'>prophe-</span> 
     </span>
     <span class='ocr_line' id='line_1_7' title="bbox 175 602 1722 657; baseline -0.001 -13"><span class='ocrx_word' id='word_1_47' title='bbox 175 605 230 644; x_wconf 89' lang='lat' dir='ltr'>tis</span> <span class='ocrx_word' id='word_1_48' title='bbox 249 616 472 656; x_wconf 89' lang='lat' dir='ltr'>verumque</span> <span class='ocrx_word' id='word_1_49' title='bbox 494 602 736 657; x_wconf 87' lang='lat' dir='ltr'>prophetam</span> <span class='ocrx_word' id='word_1_50' title='bbox 757 602 913 643; x_wconf 87' lang='lat' dir='ltr'>domini</span> <span class='ocrx_word' id='word_1_51' title='bbox 927 602 1158 643; x_wconf 79' lang='lat' dir='ltr'>Michaeam</span> <span class='ocrx_word' id='word_1_52' title='bbox 1174 607 1476 656; x_wconf 78' lang='lat' dir='ltr'>contemneret,</span> <span class='ocrx_word' id='word_1_53' title='bbox 1498 604 1722 656; x_wconf 82' lang='lat' dir='ltr'>interrogat</span> 
     </span>
     <span class='ocr_line' id='line_1_8' title="bbox 177 669 1720 725; baseline 0 -13"><span class='ocrx_word' id='word_1_54' title='bbox 177 670 367 712; x_wconf 90' lang='lat' dir='ltr'>dominus</span> <span class='ocrx_word' id='word_1_55' title='bbox 396 670 657 711; x_wconf 89' lang='lat' dir='ltr'>immundum</span> <span class='ocrx_word' id='word_1_56' title='bbox 678 672 888 725; x_wconf 72' lang='lat' dir='ltr'>spiritum,</span> <span class='ocrx_word' id='word_1_57' title='bbox 909 669 1042 711; x_wconf 86' lang='lat' dir='ltr'>adhuc</span> <span class='ocrx_word' id='word_1_58' title='bbox 1064 670 1260 711; x_wconf 88' lang='lat' dir='ltr'>bonitatis</span> <span class='ocrx_word' id='word_1_59' title='bbox 1281 670 1398 712; x_wconf 72' lang='lat' dir='ltr'>locok</span> <span class='ocrx_word' id='word_1_60' title='bbox 1418 673 1504 725; x_wconf 85' lang='lat' dir='ltr'>regi</span> <span class='ocrx_word' id='word_1_61' title='bbox 1525 685 1720 712; x_wconf 88' lang='lat' dir='ltr'>concesso</span> 
     </span>
     <span class='ocr_line' id='line_1_9' title="bbox 175 738 1720 793; baseline 0.001 -13"><span class='ocrx_word' id='word_1_62' title='bbox 175 753 200 780; x_wconf 89' lang='lat' dir='ltr'>a</span> <span class='ocrx_word' id='word_1_63' title='bbox 219 739 380 780; x_wconf 89' lang='lat' dir='ltr'>Christo</span> <span class='ocrx_word' id='word_1_64' title='bbox 414 738 579 780; x_wconf 88' lang='lat' dir='ltr'>domino</span> <span class='ocrx_word' id='word_1_65' title='bbox 609 752 739 793; x_wconf 87' lang='lat' dir='ltr'>usque</span> <span class='ocrx_word' id='word_1_66' title='bbox 771 738 822 779; x_wconf 87' lang='lat' dir='ltr'>ad</span> <span class='ocrx_word' id='word_1_67' title='bbox 851 742 1014 792; x_wconf 90' lang='lat' dir='ltr'>tempus</span> <span class='ocrx_word' id='word_1_68' title='bbox 1037 738 1222 792; x_wconf 75' lang='lat' dir='ltr'>aliquod,</span> <span class='ocrx_word' id='word_1_69' title='bbox 1258 743 1303 779; x_wconf 93' lang='lat' dir='ltr'>ut</span> <span class='ocrx_word' id='word_1_70' title='bbox 1330 741 1365 780; x_wconf 90' lang='lat' dir='ltr'>si</span> <span class='ocrx_word' id='word_1_71' title='bbox 1398 739 1524 780; x_wconf 86' lang='lat' dir='ltr'>vellet</span> <span class='ocrx_word' id='word_1_72' title='bbox 1553 740 1720 781; x_wconf 88' lang='lat' dir='ltr'>credere</span> 
     </span>
     <span class='ocr_line' id='line_1_10' title="bbox 175 806 1718 863; baseline 0.001 -15"><span class='ocrx_word' id='word_1_73' title='bbox 175 807 398 862; x_wconf 88' lang='lat' dir='ltr'>prophetae</span> <span class='ocrx_word' id='word_1_74' title='bbox 428 820 544 859; x_wconf 83' lang='lat' dir='ltr'>vero,</span> <span class='ocrx_word' id='word_1_75' title='bbox 574 807 797 862; x_wconf 82' lang='lat' dir='ltr'>procellam</span> <span class='ocrx_word' id='word_1_76' title='bbox 826 806 1000 861; x_wconf 89' lang='lat' dir='ltr'>periculi</span> <span class='ocrx_word' id='word_1_77' title='bbox 1030 806 1251 860; x_wconf 79' lang='lat' dir='ltr'>devitaret,</span> <span class='ocrx_word' id='word_1_78' title='bbox 1283 809 1318 848; x_wconf 91' lang='lat' dir='ltr'>si</span> <span class='ocrx_word' id='word_1_79' title='bbox 1348 807 1476 848; x_wconf 91' lang='lat' dir='ltr'>nollet</span> <span class='ocrx_word' id='word_1_80' title='bbox 1505 810 1718 863; x_wconf 80' lang='lat' dir='ltr'>magisque</span> 
     </span>
     <span class='ocr_line' id='line_1_11' title="bbox 176 874 1722 931; baseline 0.001 -14"><span class='ocrx_word' id='word_1_81' title='bbox 176 875 363 917; x_wconf 85' lang='lat' dir='ltr'>crederet</span> <span class='ocrx_word' id='word_1_82' title='bbox 377 875 767 931; x_wconf 76' lang='lat' dir='ltr'>pseudoprophetis,</span> <span class='ocrx_word' id='word_1_83' title='bbox 789 878 877 916; x_wconf 92' lang='lat' dir='ltr'>sine</span> <span class='ocrx_word' id='word_1_84' title='bbox 896 874 1019 916; x_wconf 91' lang='lat' dir='ltr'>dubio</span> <span class='ocrx_word' id='word_1_85' title='bbox 1038 875 1254 930; x_wconf 74' lang='lat' dir='ltr'>deperiret.</span> <span class='ocrx_word' id='word_1_86' title='bbox 1284 875 1349 916; x_wconf 89' lang='lat' dir='ltr'>Ita</span> <span class='ocrx_word' id='word_1_87' title='bbox 1369 878 1480 917; x_wconf 89' lang='lat' dir='ltr'>enim</span> <span class='ocrx_word' id='word_1_88' title='bbox 1499 878 1722 931; x_wconf 85' lang='lat' dir='ltr'>interrogat</span> 
     </span>
     <span class='ocr_line' id='line_1_12' title="bbox 175 941 1720 999; baseline 0 -14"><span class='ocrx_word' id='word_1_89' title='bbox 175 943 382 986; x_wconf 87' lang='lat' dir='ltr'>dominus¹</span> <span class='ocrx_word' id='word_1_90' title='bbox 410 944 670 985; x_wconf 87' lang='lat' dir='ltr'>immundum</span> <span class='ocrx_word' id='word_1_91' title='bbox 691 945 901 999; x_wconf 80' lang='lat' dir='ltr'>spiritum,</span> <span class='ocrx_word' id='word_1_92' title='bbox 925 943 1085 984; x_wconf 89' lang='lat' dir='ltr'>dicens:</span> <span class='ocrx_word' id='word_1_93' title='bbox 1113 941 1215 994; x_wconf 79' lang='lat' dir='ltr'>Quis</span> <span class='ocrx_word' id='word_1_94' title='bbox 1234 945 1400 985; x_wconf 72' lang='lat' dir='ltr'>seducet</span> <span class='ocrx_word' id='word_1_95' title='bbox 1417 959 1552 999; x_wconf 49' lang='lat' dir='ltr'>‘reyem</span> <span class='ocrx_word' id='word_1_96' title='bbox 1571 945 1720 987; x_wconf 70' lang='lat' dir='ltr'>Achab</span> 
     </span>
     <span class='ocr_line' id='line_1_13' title="bbox 173 1011 1720 1068; baseline 0.001 -15"><span class='ocrx_word' id='word_1_97' title='bbox 173 1011 483 1065; x_wconf 72' lang='lat' dir='ltr'>Israelitarum,</span> <span class='ocrx_word' id='word_1_98' title='bbox 504 1019 550 1054; x_wconf 81' lang='lat' dir='ltr'>ut</span> <span class='ocrx_word' id='word_1_99' title='bbox 568 1013 699 1054; x_wconf 82' lang='lat' dir='ltr'>vadat</span> <span class='ocrx_word' id='word_1_100' title='bbox 716 1013 762 1053; x_wconf 77' lang='lat' dir='ltr'>in</span> <span class='ocrx_word' id='word_1_101' title='bbox 774 1026 966 1068; x_wconf 71' lang='lat' dir='ltr'>puynam</span> <span class='ocrx_word' id='word_1_102' title='bbox 985 1019 1023 1054; x_wconf 87' lang='lat' dir='ltr'>et</span> <span class='ocrx_word' id='word_1_103' title='bbox 1039 1012 1340 1065; x_wconf 60' lang='lat' dir='ltr'>interficiatur?</span> <span class='ocrx_word' id='word_1_104' title='bbox 1359 1012 1418 1053; x_wconf 87' lang='lat' dir='ltr'>Et</span> <span class='ocrx_word' id='word_1_105' title='bbox 1437 1027 1526 1054; x_wconf 87' lang='lat' dir='ltr'>ecce</span> <span class='ocrx_word' id='word_1_106' title='bbox 1545 1015 1720 1055; x_wconf 76' lang='lat' dir='ltr'>immun-</span> 
     </span>
     <span class='ocr_line' id='line_1_14' title="bbox 175 1080 1720 1136; baseline 0.001 -14"><span class='ocrx_word' id='word_1_107' title='bbox 175 1081 252 1122; x_wconf 75' lang='lat' dir='ltr'>dus</span> <span class='ocrx_word' id='word_1_108' title='bbox 272 1082 444 1136; x_wconf 72' lang='lat' dir='ltr'>spiritus</span> <span class='ocrx_word' id='word_1_109' title='bbox 466 1081 632 1123; x_wconf 76' lang='lat' dir='ltr'>advenit</span> <span class='ocrx_word' id='word_1_110' title='bbox 652 1081 811 1122; x_wconf 75' lang='lat' dir='ltr'>dicens:</span> <span class='ocrx_word' id='word_1_111' title='bbox 830 1080 922 1135; x_wconf 69' lang='lat' dir='ltr'>qu</span> <span class='ocrx_word' id='word_1_112' title='bbox 942 1081 1096 1122; x_wconf 78' lang='lat' dir='ltr'>vadam</span> <span class='ocrx_word' id='word_1_113' title='bbox 1116 1080 1341 1135; x_wconf 72' lang='lat' dir='ltr'>etfaciam.</span> <span class='ocrx_word' id='word_1_114' title='bbox 1373 1080 1432 1121; x_wconf 88' lang='lat' dir='ltr'>Et</span> <span class='ocrx_word' id='word_1_115' title='bbox 1452 1082 1512 1122; x_wconf 89' lang='lat' dir='ltr'>ait</span> <span class='ocrx_word' id='word_1_116' title='bbox 1533 1082 1720 1123; x_wconf 74' lang='lat' dir='ltr'>dominus</span> 
     </span>
     <span class='ocr_line' id='line_1_15' title="bbox 175 1148 1721 1205; baseline 0.001 -15"><span class='ocrx_word' id='word_1_117' title='bbox 175 1150 234 1190; x_wconf 83' lang='lat' dir='ltr'>acl</span> <span class='ocrx_word' id='word_1_118' title='bbox 266 1150 524 1191; x_wconf 77' lang='lat' dir='ltr'>immundum</span> <span class='ocrx_word' id='word_1_119' title='bbox 551 1150 762 1205; x_wconf 72' lang='lat' dir='ltr'>spiritum,</span> <span class='ocrx_word' id='word_1_120' title='bbox 803 1149 1005 1204; x_wconf 80' lang='lat' dir='ltr'>quomodo</span> <span class='ocrx_word' id='word_1_121' title='bbox 1042 1149 1091 1190; x_wconf 80' lang='lat' dir='ltr'>icl</span> <span class='ocrx_word' id='word_1_122' title='bbox 1106 1149 1272 1204; x_wconf 70' lang='lat' dir='ltr'>facies?</span> <span class='ocrx_word' id='word_1_123' title='bbox 1311 1148 1370 1190; x_wconf 88' lang='lat' dir='ltr'>Et</span> <span class='ocrx_word' id='word_1_124' title='bbox 1399 1150 1460 1190; x_wconf 85' lang='lat' dir='ltr'>ait</span> <span class='ocrx_word' id='word_1_125' title='bbox 1486 1151 1721 1191; x_wconf 73' lang='lat' dir='ltr'>immundus</span> 
     </span>
     <span class='ocr_line' id='line_1_16' title="bbox 173 1217 1722 1273; baseline 0.001 -15"><span class='ocrx_word' id='word_1_126' title='bbox 173 1218 346 1273; x_wconf 72' lang='lat' dir='ltr'>spiritus</span> <span class='ocrx_word' id='word_1_127' title='bbox 375 1218 434 1259; x_wconf 83' lang='lat' dir='ltr'>acl</span> <span class='ocrx_word' id='word_1_128' title='bbox 462 1219 692 1259; x_wconf 78' lang='lat' dir='ltr'>dominum:</span> <span class='ocrx_word' id='word_1_129' title='bbox 720 1217 898 1259; x_wconf 79' lang='lat' dir='ltr'>Faciam</span> <span class='ocrx_word' id='word_1_130' title='bbox 921 1232 983 1259; x_wconf 80' lang='lat' dir='ltr'>me</span> <span class='ocrx_word' id='word_1_131' title='bbox 1014 1219 1139 1273; x_wconf 73' lang='lat' dir='ltr'>quasi</span> <span class='ocrx_word' id='word_1_132' title='bbox 1162 1218 1352 1273; x_wconf 66' lang='lat' dir='ltr'>anqelum</span> <span class='ocrx_word' id='word_1_133' title='bbox 1373 1218 1511 1259; x_wconf 73' lang='lat' dir='ltr'>lucism</span> <span class='ocrx_word' id='word_1_134' title='bbox 1539 1226 1577 1260; x_wconf 87' lang='lat' dir='ltr'>et</span> <span class='ocrx_word' id='word_1_135' title='bbox 1594 1218 1722 1259; x_wconf 75' lang='lat' dir='ltr'>verba</span> 
     </span>
     <span class='ocr_line' id='line_1_17' title="bbox 172 1284 1722 1341; baseline 0.001 -15"><span class='ocrx_word' id='word_1_136' title='bbox 172 1286 326 1327; x_wconf 67' lang='lat' dir='ltr'>siwiilia</span> <span class='ocrx_word' id='word_1_137' title='bbox 359 1286 549 1341; x_wconf 72' lang='lat' dir='ltr'>eloquar,</span> <span class='ocrx_word' id='word_1_138' title='bbox 594 1293 631 1327; x_wconf 91' lang='lat' dir='ltr'>et</span> <span class='ocrx_word' id='word_1_139' title='bbox 674 1286 824 1327; x_wconf 78' lang='lat' dir='ltr'>clacam</span> <span class='ocrx_word' id='word_1_140' title='bbox 859 1300 950 1327; x_wconf 78' lang='lat' dir='ltr'>eum</span> <span class='ocrx_word' id='word_1_141' title='bbox 989 1287 1034 1328; x_wconf 79' lang='lat' dir='ltr'>in</span> <span class='ocrx_word' id='word_1_142' title='bbox 1069 1286 1299 1341; x_wconf 78' lang='lat' dir='ltr'>praelium,</span> <span class='ocrx_word' id='word_1_143' title='bbox 1336 1284 1498 1341; x_wconf 57' lang='lat' dir='ltr'>maique</span> <span class='ocrx_word' id='word_1_144' title='bbox 1533 1286 1595 1328; x_wconf 83' lang='lat' dir='ltr'>ibi</span> <span class='ocrx_word' id='word_1_145' title='bbox 1628 1302 1722 1328; x_wconf 78' lang='lat' dir='ltr'>eum</span> 
     </span>
     <span class='ocr_line' id='line_1_18' title="bbox 174 1354 1721 1408; baseline 0.001 -13"><span class='ocrx_word' id='word_1_146' title='bbox 174 1354 377 1406; x_wconf 74' lang='lat' dir='ltr'>deseram,</span> <span class='ocrx_word' id='word_1_147' title='bbox 418 1361 456 1395; x_wconf 91' lang='lat' dir='ltr'>et</span> <span class='ocrx_word' id='word_1_148' title='bbox 491 1355 551 1396; x_wconf 75' lang='lat' dir='ltr'>sic</span> <span class='ocrx_word' id='word_1_149' title='bbox 587 1356 798 1396; x_wconf 74' lang='lat' dir='ltr'>morietur.</span> <span class='ocrx_word' id='word_1_150' title='bbox 857 1354 916 1395; x_wconf 91' lang='lat' dir='ltr'>Et</span> <span class='ocrx_word' id='word_1_151' title='bbox 945 1356 1005 1396; x_wconf 85' lang='lat' dir='ltr'>ait</span> <span class='ocrx_word' id='word_1_152' title='bbox 1035 1355 1224 1396; x_wconf 71' lang='lat' dir='ltr'>dominus</span> <span class='ocrx_word' id='word_1_153' title='bbox 1255 1355 1313 1395; x_wconf 79' lang='lat' dir='ltr'>acl</span> <span class='ocrx_word' id='word_1_154' title='bbox 1341 1369 1452 1396; x_wconf 80' lang='lat' dir='ltr'>eam:</span> <span class='ocrx_word' id='word_1_155' title='bbox 1494 1354 1623 1408; x_wconf 73' lang='lat' dir='ltr'>Vade,</span> <span class='ocrx_word' id='word_1_156' title='bbox 1661 1357 1721 1396; x_wconf 74' lang='lat' dir='ltr'>sic</span> 
     </span>
     <span class='ocr_line' id='line_1_19' title="bbox 162 1422 1720 1478; baseline 0.002 -15"><span class='ocrx_word' id='word_1_157' title='bbox 162 1422 316 1478; x_wconf 78' lang='lat' dir='ltr'>facies.</span> <span class='ocrx_word' id='word_1_158' title='bbox 354 1422 531 1477; x_wconf 88' lang='lat' dir='ltr'>Ideoque</span> <span class='ocrx_word' id='word_1_159' title='bbox 557 1427 598 1463; x_wconf 91' lang='lat' dir='ltr'>et</span> <span class='ocrx_word' id='word_1_160' title='bbox 620 1423 856 1478; x_wconf 85' lang='lat' dir='ltr'>apostolusn</span> <span class='ocrx_word' id='word_1_161' title='bbox 885 1424 960 1463; x_wconf 90' lang='lat' dir='ltr'>ait:</span> <span class='ocrx_word' id='word_1_162' title='bbox 990 1422 1090 1464; x_wconf 75' lang='lat' dir='ltr'>Non</span> <span class='ocrx_word' id='word_1_163' title='bbox 1111 1438 1308 1478; x_wconf 67' lang='lat' dir='ltr'>maynum</span> <span class='ocrx_word' id='word_1_164' title='bbox 1331 1431 1406 1476; x_wconf 73' lang='lat' dir='ltr'>est,</span> <span class='ocrx_word' id='word_1_165' title='bbox 1438 1424 1477 1464; x_wconf 75' lang='lat' dir='ltr'>si</span> <span class='ocrx_word' id='word_1_166' title='bbox 1494 1431 1532 1465; x_wconf 89' lang='lat' dir='ltr'>et</span> <span class='ocrx_word' id='word_1_167' title='bbox 1550 1431 1720 1466; x_wconf 74' lang='lat' dir='ltr'>satanas</span> 
     </span>
     <span class='ocr_line' id='line_1_20' title="bbox 173 1490 1720 1547; baseline 0.002 -16"><span class='ocrx_word' id='word_1_168' title='bbox 173 1490 441 1546; x_wconf 67' lang='lat' dir='ltr'>tmusfiquret</span> <span class='ocrx_word' id='word_1_169' title='bbox 466 1506 507 1532; x_wconf 76' lang='lat' dir='ltr'>se</span> <span class='ocrx_word' id='word_1_170' title='bbox 533 1492 645 1532; x_wconf 81' lang='lat' dir='ltr'>velut</span> <span class='ocrx_word' id='word_1_171' title='bbox 669 1493 714 1532; x_wconf 76' lang='lat' dir='ltr'>in</span> <span class='ocrx_word' id='word_1_172' title='bbox 735 1492 926 1547; x_wconf 69' lang='lat' dir='ltr'>anyelam</span> <span class='ocrx_word' id='word_1_173' title='bbox 954 1492 1077 1544; x_wconf 74' lang='lat' dir='ltr'>lucis,</span> <span class='ocrx_word' id='word_1_174' title='bbox 1107 1506 1199 1533; x_wconf 78' lang='lat' dir='ltr'>cum</span> <span class='ocrx_word' id='word_1_175' title='bbox 1218 1493 1350 1547; x_wconf 62' lang='lat' dir='ltr'>ipsius</span> <span class='ocrx_word' id='word_1_176' title='bbox 1370 1493 1562 1533; x_wconf 72' lang='lat' dir='ltr'>satellites</span> <span class='ocrx_word' id='word_1_177' title='bbox 1583 1500 1720 1534; x_wconf 73' lang='lat' dir='ltr'>trans-</span> 
     </span>
     <span class='ocr_line' id='line_1_21' title="bbox 163 1558 1719 1615; baseline 0.003 -16"><span class='ocrx_word' id='word_1_178' title='bbox 163 1559 423 1614; x_wconf 69' lang='lat' dir='ltr'>fiqurantur.</span> <span class='ocrx_word' id='word_1_179' title='bbox 453 1558 505 1600; x_wconf 84' lang='lat' dir='ltr'>Et</span> <span class='ocrx_word' id='word_1_180' title='bbox 524 1561 583 1600; x_wconf 92' lang='lat' dir='ltr'>ita</span> <span class='ocrx_word' id='word_1_181' title='bbox 614 1559 827 1614; x_wconf 88' lang='lat' dir='ltr'>decipiunt</span> <span class='ocrx_word' id='word_1_182' title='bbox 854 1559 1006 1601; x_wconf 90' lang='lat' dir='ltr'>multos</span> <span class='ocrx_word' id='word_1_183' title='bbox 1036 1561 1150 1612; x_wconf 76' lang='lat' dir='ltr'>visu,</span> <span class='ocrx_word' id='word_1_184' title='bbox 1180 1560 1304 1601; x_wconf 82' lang='lat' dir='ltr'>verbo</span> <span class='ocrx_word' id='word_1_185' title='bbox 1337 1564 1407 1601; x_wconf 85' lang='lat' dir='ltr'>aut</span> <span class='ocrx_word' id='word_1_186' title='bbox 1426 1562 1719 1615; x_wconf 85' lang='lat' dir='ltr'>persuasione⁰</span> 
     </span>
     <span class='ocr_line' id='line_1_22' title="bbox 172 1627 1718 1683; baseline 0.002 -15"><span class='ocrx_word' id='word_1_187' title='bbox 172 1641 256 1669; x_wconf 89' lang='lat' dir='ltr'>non</span> <span class='ocrx_word' id='word_1_188' title='bbox 285 1627 452 1668; x_wconf 88' lang='lat' dir='ltr'>alterius</span> <span class='ocrx_word' id='word_1_189' title='bbox 482 1629 590 1681; x_wconf 70' lang='lat' dir='ltr'>miv,</span> <span class='ocrx_word' id='word_1_190' title='bbox 620 1629 771 1683; x_wconf 87' lang='lat' dir='ltr'>quippe</span> <span class='ocrx_word' id='word_1_191' title='bbox 802 1630 894 1669; x_wconf 89' lang='lat' dir='ltr'>visu</span> <span class='ocrx_word' id='word_1_192' title='bbox 915 1629 1032 1682; x_wconf 85' lang='lat' dir='ltr'>quasi</span> <span class='ocrx_word' id='word_1_193' title='bbox 1060 1628 1316 1681; x_wconf 72' lang='lat' dir='ltr'>verisimiliq,</span> <span class='ocrx_word' id='word_1_194' title='bbox 1346 1632 1414 1682; x_wconf 82' lang='lat' dir='ltr'>ut,</span> <span class='ocrx_word' id='word_1_195' title='bbox 1456 1643 1550 1671; x_wconf 89' lang='lat' dir='ltr'>cum</span> <span class='ocrx_word' id='word_1_196' title='bbox 1580 1630 1718 1672; x_wconf 86' lang='lat' dir='ltr'>verbis</span> 
     </span>
     <span class='ocr_line' id='line_1_23' title="bbox 172 1695 1718 1753; baseline 0.003 -17"><span class='ocrx_word' id='word_1_197' title='bbox 172 1695 300 1737; x_wconf 87' lang='lat' dir='ltr'>veluti</span> <span class='ocrx_word' id='word_1_198' title='bbox 320 1695 525 1737; x_wconf 84' lang='lat' dir='ltr'>similibus</span> <span class='ocrx_word' id='word_1_199' title='bbox 548 1700 589 1736; x_wconf 89' lang='lat' dir='ltr'>et</span> <span class='ocrx_word' id='word_1_200' title='bbox 608 1696 766 1737; x_wconf 82' lang='lat' dir='ltr'>visibus</span> <span class='ocrx_word' id='word_1_201' title='bbox 789 1698 905 1751; x_wconf 83' lang='lat' dir='ltr'>quasi</span> <span class='ocrx_word' id='word_1_202' title='bbox 933 1697 1051 1738; x_wconf 87' lang='lat' dir='ltr'>bonis</span> <span class='ocrx_word' id='word_1_203' title='bbox 1073 1700 1114 1737; x_wconf 88' lang='lat' dir='ltr'>et</span> <span class='ocrx_word' id='word_1_204' title='bbox 1133 1710 1218 1738; x_wconf 90' lang='lat' dir='ltr'>non</span> <span class='ocrx_word' id='word_1_205' title='bbox 1238 1697 1358 1738; x_wconf 86' lang='lat' dir='ltr'>malis</span> <span class='ocrx_word' id='word_1_206' title='bbox 1378 1699 1423 1738; x_wconf 88' lang='lat' dir='ltr'>in</span> <span class='ocrx_word' id='word_1_207' title='bbox 1442 1702 1625 1753; x_wconf 85' lang='lat' dir='ltr'>tempore</span> <span class='ocrx_word' id='word_1_208' title='bbox 1646 1714 1718 1740; x_wconf 81' lang='lat' dir='ltr'>vo-</span> 
     </span>
     <span class='ocr_line' id='line_1_24' title="bbox 172 1763 1717 1819; baseline 0.003 -14"><span class='ocrx_word' id='word_1_209' title='bbox 172 1764 264 1806; x_wconf 89' lang='lat' dir='ltr'>lunt</span> <span class='ocrx_word' id='word_1_210' title='bbox 279 1763 444 1805; x_wconf 89' lang='lat' dir='ltr'>credere</span> <span class='ocrx_word' id='word_1_211' title='bbox 461 1768 582 1818; x_wconf 89' lang='lat' dir='ltr'>atque</span> <span class='ocrx_word' id='word_1_212' title='bbox 601 1766 659 1805; x_wconf 89' lang='lat' dir='ltr'>eis</span> <span class='ocrx_word' id='word_1_213' title='bbox 676 1764 889 1806; x_wconf 88' lang='lat' dir='ltr'>inhaerere</span> <span class='ocrx_word' id='word_1_214' title='bbox 905 1765 1107 1819; x_wconf 78' lang='lat' dir='ltr'>immines,</span> <span class='ocrx_word' id='word_1_215' title='bbox 1124 1765 1408 1807; x_wconf 81' lang='lat' dir='ltr'>inevitabilem</span> <span class='ocrx_word' id='word_1_216' title='bbox 1423 1768 1568 1808; x_wconf 79' lang='lat' dir='ltr'>mortis</span> <span class='ocrx_word' id='word_1_217' title='bbox 1586 1771 1717 1809; x_wconf 83' lang='lat' dir='ltr'>aeter-</span> 
     </span>
     <span class='ocr_line' id='line_1_25' title="bbox 171 1833 1718 1891; baseline 0.003 -18"><span class='ocrx_word' id='word_1_218' title='bbox 171 1846 250 1874; x_wconf 86' lang='lat' dir='ltr'>nae</span> <span class='ocrx_word' id='word_1_219' title='bbox 271 1834 484 1874; x_wconf 72' lang='lat' dir='ltr'>incurrant</span> <span class='ocrx_word' id='word_1_220' title='bbox 511 1834 780 1886; x_wconf 79' lang='lat' dir='ltr'>sententiam,</span> <span class='ocrx_word' id='word_1_221' title='bbox 808 1833 1061 1888; x_wconf 82' lang='lat' dir='ltr'>diversisque</span> <span class='ocrx_word' id='word_1_222' title='bbox 1084 1838 1177 1889; x_wconf 89' lang='lat' dir='ltr'>post</span> <span class='ocrx_word' id='word_1_223' title='bbox 1197 1836 1354 1875; x_wconf 80' lang='lat' dir='ltr'>exitum</span> <span class='ocrx_word' id='word_1_224' title='bbox 1375 1837 1554 1890; x_wconf 89' lang='lat' dir='ltr'>corporis</span> <span class='ocrx_word' id='word_1_225' title='bbox 1575 1838 1718 1891; x_wconf 83' lang='lat' dir='ltr'>poenis</span> 
     </span>
     <span class='ocr_line' id='line_1_26' title="bbox 173 1901 1717 1960; baseline 0.002 -18"><span class='ocrx_word' id='word_1_226' title='bbox 173 1904 215 1942; x_wconf 90' lang='lat' dir='ltr'>et</span> <span class='ocrx_word' id='word_1_227' title='bbox 235 1901 484 1943; x_wconf 89' lang='lat' dir='ltr'>cruciatibus</span> <span class='ocrx_word' id='word_1_228' title='bbox 504 1901 835 1956; x_wconf 78' lang='lat' dir='ltr'>pessumdentur.</span> <span class='ocrx_word' id='word_1_229' title='bbox 875 1902 992 1952; x_wconf 85' lang='lat' dir='ltr'>Quod</span> <span class='ocrx_word' id='word_1_230' title='bbox 1013 1906 1053 1944; x_wconf 90' lang='lat' dir='ltr'>et</span> <span class='ocrx_word' id='word_1_231' title='bbox 1073 1904 1159 1956; x_wconf 86' lang='lat' dir='ltr'>regi</span> <span class='ocrx_word' id='word_1_232' title='bbox 1178 1903 1423 1945; x_wconf 88' lang='lat' dir='ltr'>Iudaeorum</span> <span class='ocrx_word' id='word_1_233' title='bbox 1443 1903 1512 1945; x_wconf 91' lang='lat' dir='ltr'>illo</span> <span class='ocrx_word' id='word_1_234' title='bbox 1533 1908 1717 1960; x_wconf 85' lang='lat' dir='ltr'>tempore</span> 
     </span>
     <span class='ocr_line' id='line_1_27' title="bbox 171 1969 1717 2029; baseline 0.003 -19"><span class='ocrx_word' id='word_1_235' title='bbox 171 1969 402 2025; x_wconf 87' lang='lat' dir='ltr'>periculum</span> <span class='ocrx_word' id='word_1_236' title='bbox 423 1972 682 2025; x_wconf 81' lang='lat' dir='ltr'>supervenit,</span> <span class='ocrx_word' id='word_1_237' title='bbox 711 1970 819 2025; x_wconf 89' lang='lat' dir='ltr'>quod</span> <span class='ocrx_word' id='word_1_238' title='bbox 846 1971 962 2013; x_wconf 85' lang='lat' dir='ltr'>falsis</span> <span class='ocrx_word' id='word_1_239' title='bbox 991 1973 1123 2026; x_wconf 81' lang='lat' dir='ltr'>magis</span> <span class='ocrx_word' id='word_1_240' title='bbox 1146 1985 1270 2027; x_wconf 87' lang='lat' dir='ltr'>quam</span> <span class='ocrx_word' id='word_1_241' title='bbox 1289 1974 1397 2014; x_wconf 86' lang='lat' dir='ltr'>veris</span> <span class='ocrx_word' id='word_1_242' title='bbox 1420 1972 1487 2014; x_wconf 85' lang='lat' dir='ltr'>dei</span> <span class='ocrx_word' id='word_1_243' title='bbox 1506 1973 1717 2029; x_wconf 88' lang='lat' dir='ltr'>prophetis</span> 
     </span>
     <span class='ocr_line' id='line_1_28' title="bbox 172 2038 587 2081; baseline -0.002 -1"><span class='ocrx_word' id='word_1_244' title='bbox 172 2038 338 2081; x_wconf 86' lang='lat' dir='ltr'>credere</span> <span class='ocrx_word' id='word_1_245' title='bbox 359 2038 587 2080; x_wconf 86' lang='lat' dir='ltr'>maluisset.</span> 
     </span>
    </p>

    <p class='ocr_par' dir='ltr' id='par_1_4' title="bbox 281 2106 1715 2166">
     <span class='ocr_line' id='line_1_29' title="bbox 281 2106 1715 2166; baseline 0.003 -18"><span class='ocrx_word' id='word_1_246' title='bbox 281 2107 356 2149; x_wconf 91' lang='lat' dir='ltr'>Est</span> <span class='ocrx_word' id='word_1_247' title='bbox 369 2106 553 2149; x_wconf 88' lang='lat' dir='ltr'>haeresis</span> <span class='ocrx_word' id='word_1_248' title='bbox 572 2109 613 2148; x_wconf 90' lang='grc'>111</span> <span class='ocrx_word' id='word_1_249' title='bbox 629 2106 790 2149; x_wconf 88' lang='lat' dir='ltr'>Iudaeis</span> <span class='ocrx_word' id='word_1_250' title='bbox 813 2107 940 2163; x_wconf 85' lang='lat' dir='ltr'>¹quae</span> <span class='ocrx_word' id='word_1_251' title='bbox 961 2107 1108 2165; x_wconf 66' lang='lat' dir='ltr'>{Astar</span> <span class='ocrx_word' id='word_1_252' title='bbox 1125 2112 1166 2150; x_wconf 90' lang='lat' dir='ltr'>et</span> <span class='ocrx_word' id='word_1_253' title='bbox 1187 2108 1431 2152; x_wconf 78' lang='lat' dir='ltr'>3Astar0tha</span> <span class='ocrx_word' id='word_1_254' title='bbox 1448 2113 1542 2166; x_wconf 87' lang='lat' dir='ltr'>post</span> <span class='ocrx_word' id='word_1_255' title='bbox 1561 2110 1715 2166; x_wconf 78' lang='lat' dir='ltr'>4M0ysi</span> 
     </span>
    </p>
   </div>
   <div class='ocr_carea' id='block_1_4' title="bbox 262 2219 696 2254">
    <p class='ocr_par' dir='ltr' id='par_1_5' title="bbox 262 2219 696 2254">
     <span class='ocr_line' id='line_1_30' title="bbox 262 2219 696 2254; baseline 0 -1"><span class='ocrx_word' id='word_1_256' title='bbox 262 2219 313 2254; x_wconf 90' lang='lat'>11.</span> <span class='ocrx_word' id='word_1_257' title='bbox 336 2219 429 2254; x_wconf 90' lang='lat' dir='ltr'>Elias</span> <span class='ocrx_word' id='word_1_258' title='bbox 455 2220 483 2252; x_wconf 80' lang='lat' dir='ltr'>b.</span> <span class='ocrx_word' id='word_1_259' title='bbox 534 2219 583 2253; x_wconf 77' lang='grc'>12.</span> <span class='ocrx_word' id='word_1_260' title='bbox 610 2223 643 2253; x_wconf 91' lang='lat' dir='ltr'>et</span> <span class='ocrx_word' id='word_1_261' title='bbox 668 2220 696 2253; x_wconf 78' lang='lat' dir='ltr'>b.</span> 
     </span>
    </p>
   </div>
   <div class='ocr_carea' id='block_1_5' title="bbox 261 2264 1713 2313">
    <p class='ocr_par' dir='ltr' id='par_1_6' title="bbox 261 2264 1713 2313">
     <span class='ocr_line' id='line_1_31' title="bbox 261 2264 1713 2313; baseline 0.003 -14"><span class='ocrx_word' id='word_1_262' title='bbox 261 2264 342 2310; x_wconf 88' lang='lat' dir='ltr'>Cap.</span> <span class='ocrx_word' id='word_1_263' title='bbox 358 2264 502 2300; x_wconf 86' lang='lat' dir='ltr'>XXVII.</span> <span class='ocrx_word' id='word_1_264' title='bbox 520 2267 554 2297; x_wconf 77' lang='lat' dir='ltr'>in</span> <span class='ocrx_word' id='word_1_265' title='bbox 572 2266 645 2298; x_wconf 78' lang='lat' dir='ltr'>ahc.</span> <span class='ocrx_word' id='word_1_266' title='bbox 671 2268 865 2311; x_wconf 73' lang='lat' dir='ltr'>inscriptum</span> <span class='ocrx_word' id='word_1_267' title='bbox 888 2267 989 2300; x_wconf 75' lang='lat' dir='ltr'>habet</span> <span class='ocrx_word' id='word_1_268' title='bbox 1009 2267 1062 2301; x_wconf 68' lang='lat' dir='ltr'>DE</span> <span class='ocrx_word' id='word_1_269' title='bbox 1087 2279 1197 2302; x_wconf 71' lang='lat' dir='ltr'>ASTAR</span> <span class='ocrx_word' id='word_1_270' title='bbox 1214 2268 1372 2313; x_wconf 67' lang='lat' dir='ltr'>(ASTuAR</span> <span class='ocrx_word' id='word_1_271' title='bbox 1389 2268 1454 2311; x_wconf 83' lang='lat' dir='ltr'>ab.)</span> <span class='ocrx_word' id='word_1_272' title='bbox 1473 2281 1515 2302; x_wconf 77' lang='grc' dir='ltr'>ΕΤ</span> <span class='ocrx_word' id='word_1_273' title='bbox 1534 2281 1713 2304; x_wconf 61' lang='lat' dir='ltr'>Asmno&#39;rn</span> 
     </span>
    </p>
   </div>
   <div class='ocr_carea' id='block_1_6' title="bbox 191 2311 1714 2392">
    <p class='ocr_par' dir='ltr' id='par_1_7' title="bbox 191 2311 1714 2392">
     <span class='ocr_line' id='line_1_32' title="bbox 191 2311 1714 2361; baseline 0.003 -16"><span class='ocrx_word' id='word_1_274' title='bbox 191 2321 397 2345; x_wconf 69' lang='lat' dir='ltr'>As&#39;rmnom</span> <span class='ocrx_word' id='word_1_275' title='bbox 414 2324 445 2344; x_wconf 88' lang='grc' dir='ltr'>α.</span> <span class='ocrx_word' id='word_1_276' title='bbox 464 2322 644 2345; x_wconf 67' lang='lat' dir='ltr'>Asrmnor</span> <span class='ocrx_word' id='word_1_277' title='bbox 662 2311 709 2354; x_wconf 84' lang='lat' dir='ltr'>b.)</span> <span class='ocrx_word' id='word_1_278' title='bbox 735 2322 940 2346; x_wconf 69' lang='lat' dir='ltr'>snuvLAcms</span> <span class='ocrx_word' id='word_1_279' title='bbox 963 2325 1140 2348; x_wconf 75' lang='lat' dir='ltr'>HAERESIS.</span> <span class='ocrx_word' id='word_1_280' title='bbox 1174 2335 1218 2340; x_wconf 91' lang='lat'><strong>—</strong></span> <span class='ocrx_word' id='word_1_281' title='bbox 1245 2314 1272 2348; x_wconf 91' lang='lat' dir='ltr'>l.</span> <span class='ocrx_word' id='word_1_282' title='bbox 1291 2325 1359 2361; x_wconf 87' lang='lat' dir='ltr'>qua</span> <span class='ocrx_word' id='word_1_283' title='bbox 1376 2314 1404 2348; x_wconf 85' lang='lat' dir='ltr'>b.</span> <span class='ocrx_word' id='word_1_284' title='bbox 1438 2315 1467 2349; x_wconf 75' lang='lat'>2.</span> <span class='ocrx_word' id='word_1_285' title='bbox 1485 2314 1610 2349; x_wconf 87' lang='lat' dir='ltr'>Asthar</span> <span class='ocrx_word' id='word_1_286' title='bbox 1630 2316 1714 2350; x_wconf 75' lang='lat' dir='ltr'>Bab.</span> 
     </span>
     <span class='ocr_line' id='line_1_33' title="bbox 194 2355 952 2392; baseline 0.003 -2"><span class='ocrx_word' id='word_1_287' title='bbox 194 2383 202 2390; x_wconf 90' lang='lat'>.</span> <span class='ocrx_word' id='word_1_288' title='bbox 218 2355 404 2391; x_wconf 87' lang='lat' dir='ltr'>Astharoth</span> <span class='ocrx_word' id='word_1_289' title='bbox 421 2356 487 2390; x_wconf 85' lang='lat' dir='ltr'>Ba.</span> <span class='ocrx_word' id='word_1_290' title='bbox 504 2355 667 2390; x_wconf 87' lang='lat' dir='ltr'>Astharot</span> <span class='ocrx_word' id='word_1_291' title='bbox 684 2357 713 2390; x_wconf 79' lang='lat' dir='ltr'>b.</span> <span class='ocrx_word' id='word_1_292' title='bbox 745 2357 776 2391; x_wconf 89' lang='lat'>4.</span> <span class='ocrx_word' id='word_1_293' title='bbox 793 2358 882 2392; x_wconf 85' lang='lat' dir='ltr'>Mosi</span> <span class='ocrx_word' id='word_1_294' title='bbox 900 2359 952 2392; x_wconf 82' lang='lat' dir='ltr'>ab.</span> 
     </span>
    </p>
   </div>
   <div class='ocr_carea' id='block_1_7' title="bbox 169 2469 907 2602">
    <p class='ocr_par' dir='ltr' id='par_1_8' title="bbox 169 2469 907 2602">
     <span class='ocr_line' id='line_1_34' title="bbox 214 2469 885 2514; baseline 0.001 -10"><span class='ocrx_word' id='word_1_295' title='bbox 214 2469 248 2504; x_wconf 88' lang='lat' dir='ltr'>h.</span> <span class='ocrx_word' id='word_1_296' title='bbox 271 2470 401 2514; x_wconf 84' lang='lat' dir='ltr'>Helias]</span> <span class='ocrx_word' id='word_1_297' title='bbox 419 2469 450 2504; x_wconf 87' lang='lat'>3.</span> <span class='ocrx_word' id='word_1_298' title='bbox 467 2470 552 2514; x_wconf 77' lang='lat' dir='ltr'>Reg.</span> <span class='ocrx_word' id='word_1_299' title='bbox 570 2469 692 2504; x_wconf 79' lang='lat' dir='ltr'>XVIH.</span> <span class='ocrx_word' id='word_1_300' title='bbox 711 2469 762 2504; x_wconf 79' lang='lat'>21.</span> <span class='ocrx_word' id='word_1_301' title='bbox 811 2471 885 2513; x_wconf 87' lang='lat' dir='ltr'>(F.)</span> 
     </span>
     <span class='ocr_line' id='line_1_35' title="bbox 214 2514 907 2559; baseline 0.003 -10"><span class='ocrx_word' id='word_1_302' title='bbox 214 2516 236 2550; x_wconf 89' lang='lat' dir='ltr'>i.</span> <span class='ocrx_word' id='word_1_303' title='bbox 263 2514 328 2556; x_wconf 87' lang='lat' dir='ltr'>Qui</span> <span class='ocrx_word' id='word_1_304' title='bbox 345 2517 436 2550; x_wconf 88' lang='lat' dir='ltr'>enim</span> <span class='ocrx_word' id='word_1_305' title='bbox 453 2515 613 2550; x_wconf 83' lang='lat' dir='ltr'>adhaeret</span> <span class='ocrx_word' id='word_1_306' title='bbox 630 2514 779 2559; x_wconf 82' lang='lat' dir='ltr'>Christo]</span> <span class='ocrx_word' id='word_1_307' title='bbox 802 2517 829 2550; x_wconf 92' lang='lat'>1.</span> <span class='ocrx_word' id='word_1_308' title='bbox 844 2516 907 2551; x_wconf 89' lang='lat' dir='ltr'>Co-</span> 
     </span>
     <span class='ocr_line' id='line_1_36' title="bbox 169 2559 539 2602; baseline 0 -8"><span class='ocrx_word' id='word_1_309' title='bbox 169 2559 271 2594; x_wconf 88' lang='lat' dir='ltr'>rinth.</span> <span class='ocrx_word' id='word_1_310' title='bbox 289 2561 346 2595; x_wconf 91' lang='lat' dir='ltr'>VI.</span> <span class='ocrx_word' id='word_1_311' title='bbox 366 2561 415 2595; x_wconf 84' lang='lat'>17.</span> <span class='ocrx_word' id='word_1_312' title='bbox 464 2561 539 2602; x_wconf 89' lang='lat' dir='ltr'>(F.)</span> 
     </span>
    </p>
   </div>
   <div class='ocr_carea' id='block_1_8' title="bbox 975 2473 1714 2612">
    <p class='ocr_par' dir='ltr' id='par_1_9' title="bbox 975 2473 1714 2612">
     <span class='ocr_line' id='line_1_37' title="bbox 975 2473 1714 2511; baseline 0.007 -5"><span class='ocrx_word' id='word_1_313' title='bbox 975 2473 1066 2507; x_wconf 89' lang='lat' dir='ltr'>hunc</span> <span class='ocrx_word' id='word_1_314' title='bbox 1083 2474 1197 2507; x_wconf 88' lang='lat' dir='ltr'>locum</span> <span class='ocrx_word' id='word_1_315' title='bbox 1215 2484 1232 2507; x_wconf 83' lang='lat' dir='ltr'>e</span> <span class='ocrx_word' id='word_1_316' title='bbox 1245 2474 1411 2508; x_wconf 88' lang='lat' dir='ltr'>memoria</span> <span class='ocrx_word' id='word_1_317' title='bbox 1427 2478 1460 2508; x_wconf 90' lang='lat' dir='ltr'>et</span> <span class='ocrx_word' id='word_1_318' title='bbox 1476 2486 1545 2509; x_wconf 87' lang='lat' dir='ltr'>non</span> <span class='ocrx_word' id='word_1_319' title='bbox 1559 2481 1714 2511; x_wconf 81' lang='lat' dir='ltr'>accurate</span> 
     </span>
     <span class='ocr_line' id='line_1_38' title="bbox 976 2519 1714 2564; baseline 0.005 -12"><span class='ocrx_word' id='word_1_320' title='bbox 976 2519 1114 2553; x_wconf 85' lang='lat' dir='ltr'>redditis</span> <span class='ocrx_word' id='word_1_321' title='bbox 1132 2520 1244 2553; x_wconf 75' lang='lat' dir='ltr'>verbis</span> <span class='ocrx_word' id='word_1_322' title='bbox 1263 2520 1423 2564; x_wconf 89' lang='lat' dir='ltr'>apposuit</span> <span class='ocrx_word' id='word_1_323' title='bbox 1438 2520 1613 2556; x_wconf 83' lang='lat' dir='ltr'>Philaster.</span> <span class='ocrx_word' id='word_1_324' title='bbox 1640 2523 1714 2564; x_wconf 81' lang='lat' dir='ltr'>(F.)</span> 
     </span>
     <span class='ocr_line' id='line_1_39' title="bbox 1021 2566 1712 2612; baseline 0.006 -14"><span class='ocrx_word' id='word_1_325' title='bbox 1021 2577 1052 2598; x_wconf 92' lang='grc' dir='ltr'>ο.</span> <span class='ocrx_word' id='word_1_326' title='bbox 1077 2569 1138 2598; x_wconf 87' lang='lat' dir='ltr'>aut</span> <span class='ocrx_word' id='word_1_327' title='bbox 1158 2566 1381 2610; x_wconf 85' lang='lat' dir='ltr'>persuasione</span> <span class='ocrx_word' id='word_1_328' title='bbox 1402 2577 1472 2600; x_wconf 88' lang='grc'>11011</span> <span class='ocrx_word' id='word_1_329' title='bbox 1495 2567 1632 2601; x_wconf 85' lang='lat' dir='ltr'>alterius</span> <span class='ocrx_word' id='word_1_330' title='bbox 1650 2570 1712 2612; x_wconf 82' lang='lat' dir='ltr'>rei]</span> 
     </span>
    </p>
   </div>
   <div class='ocr_carea' id='block_1_9' title="bbox 168 2605 908 3105">
    <p class='ocr_par' dir='ltr' id='par_1_10' title="bbox 169 2605 908 2742">
     <span class='ocr_line' id='line_1_40' title="bbox 222 2605 907 2649; baseline 0.003 -9"><span class='ocrx_word' id='word_1_331' title='bbox 222 2605 256 2640; x_wconf 84' lang='lat' dir='ltr'>k.</span> <span class='ocrx_word' id='word_1_332' title='bbox 281 2605 391 2641; x_wconf 87' lang='lat' dir='ltr'>adhuc</span> <span class='ocrx_word' id='word_1_333' title='bbox 406 2607 569 2641; x_wconf 82' lang='lat' dir='ltr'>bonitatis</span> <span class='ocrx_word' id='word_1_334' title='bbox 583 2607 673 2649; x_wconf 92' lang='lat' dir='ltr'>loco]</span> <span class='ocrx_word' id='word_1_335' title='bbox 698 2606 784 2640; x_wconf 88' lang='lat' dir='ltr'>Dato</span> <span class='ocrx_word' id='word_1_336' title='bbox 799 2606 907 2642; x_wconf 88' lang='lat' dir='ltr'>adhuc</span> 
     </span>
     <span class='ocr_line' id='line_1_41' title="bbox 170 2651 908 2697; baseline 0.004 -12"><span class='ocrx_word' id='word_1_337' title='bbox 170 2651 202 2685; x_wconf 89' lang='lat' dir='ltr'>ei</span> <span class='ocrx_word' id='word_1_338' title='bbox 217 2652 328 2697; x_wconf 84' lang='lat' dir='ltr'>spatio</span> <span class='ocrx_word' id='word_1_339' title='bbox 345 2653 590 2697; x_wconf 85' lang='lat' dir='ltr'>poenitentiae,</span> <span class='ocrx_word' id='word_1_340' title='bbox 614 2656 648 2685; x_wconf 87' lang='lat' dir='ltr'>et</span> <span class='ocrx_word' id='word_1_341' title='bbox 672 2652 752 2686; x_wconf 88' lang='lat' dir='ltr'>boni</span> <span class='ocrx_word' id='word_1_342' title='bbox 773 2654 908 2688; x_wconf 85' lang='lat' dir='ltr'>consilii</span> 
     </span>
     <span class='ocr_line' id='line_1_42' title="bbox 169 2697 530 2742; baseline 0.003 -12"><span class='ocrx_word' id='word_1_343' title='bbox 169 2697 408 2742; x_wconf 86' lang='lat' dir='ltr'>amplectendi.</span> <span class='ocrx_word' id='word_1_344' title='bbox 455 2697 530 2740; x_wconf 85' lang='lat' dir='ltr'>(F.)</span> 
     </span>
    </p>

    <p class='ocr_par' dir='ltr' id='par_1_11' title="bbox 168 2742 906 2924">
     <span class='ocr_line' id='line_1_43' title="bbox 214 2742 905 2788; baseline 0.003 -12"><span class='ocrx_word' id='word_1_345' title='bbox 214 2743 236 2776; x_wconf 93' lang='lat'>1.</span> <span class='ocrx_word' id='word_1_346' title='bbox 260 2743 386 2777; x_wconf 86' lang='lat' dir='ltr'>interro</span> <span class='ocrx_word' id='word_1_347' title='bbox 414 2747 450 2777; x_wconf 89' lang='lat' dir='ltr'>at</span> <span class='ocrx_word' id='word_1_348' title='bbox 462 2743 636 2786; x_wconf 83' lang='lat' dir='ltr'>dominus]</span> <span class='ocrx_word' id='word_1_349' title='bbox 660 2743 690 2776; x_wconf 77' lang='lat'>2.</span> <span class='ocrx_word' id='word_1_350' title='bbox 704 2742 905 2788; x_wconf 80' lang='lat' dir='ltr'>Paralipom.</span> 
     </span>
     <span class='ocr_line' id='line_1_44' title="bbox 168 2787 906 2824; baseline 0.003 -2"><span class='ocrx_word' id='word_1_351' title='bbox 168 2787 292 2823; x_wconf 85' lang='lat' dir='ltr'>XVHI.</span> <span class='ocrx_word' id='word_1_352' title='bbox 313 2788 363 2822; x_wconf 83' lang='lat'>19.</span> <span class='ocrx_word' id='word_1_353' title='bbox 410 2792 561 2822; x_wconf 85' lang='lat' dir='ltr'>aeterum</span> <span class='ocrx_word' id='word_1_354' title='bbox 584 2800 651 2821; x_wconf 90' lang='grc'>11011</span> <span class='ocrx_word' id='word_1_355' title='bbox 669 2789 772 2821; x_wconf 88' lang='lat' dir='ltr'>verba</span> <span class='ocrx_word' id='word_1_356' title='bbox 788 2795 906 2824; x_wconf 84' lang='lat' dir='ltr'>exacte</span> 
     </span>
     <span class='ocr_line' id='line_1_45' title="bbox 168 2832 906 2880; baseline 0.004 -14"><span class='ocrx_word' id='word_1_357' title='bbox 168 2833 333 2878; x_wconf 86' lang='lat' dir='ltr'>appendit</span> <span class='ocrx_word' id='word_1_358' title='bbox 346 2832 521 2875; x_wconf 83' lang='lat' dir='ltr'>Phiiaster,</span> <span class='ocrx_word' id='word_1_359' title='bbox 540 2834 598 2867; x_wconf 88' lang='lat' dir='ltr'>sed</span> <span class='ocrx_word' id='word_1_360' title='bbox 616 2844 753 2867; x_wconf 86' lang='lat' dir='ltr'>sensum</span> <span class='ocrx_word' id='word_1_361' title='bbox 768 2845 906 2880; x_wconf 87' lang='lat' dir='ltr'>expres—</span> 
     </span>
     <span class='ocr_line' id='line_1_46' title="bbox 170 2879 808 2924; baseline 0.002 -12"><span class='ocrx_word' id='word_1_362' title='bbox 170 2879 225 2920; x_wconf 85' lang='lat' dir='ltr'>sit,</span> <span class='ocrx_word' id='word_1_363' title='bbox 241 2889 337 2912; x_wconf 85' lang='lat' dir='ltr'>more</span> <span class='ocrx_word' id='word_1_364' title='bbox 353 2890 415 2913; x_wconf 90' lang='lat' dir='ltr'>suo</span> <span class='ocrx_word' id='word_1_365' title='bbox 432 2880 685 2924; x_wconf 84' lang='lat' dir='ltr'>interpolatum.</span> <span class='ocrx_word' id='word_1_366' title='bbox 734 2879 808 2921; x_wconf 84' lang='lat' dir='ltr'>(F.)</span> 
     </span>
    </p>

    <p class='ocr_par' dir='ltr' id='par_1_12' title="bbox 169 2923 905 3059">
     <span class='ocr_line' id='line_1_47' title="bbox 214 2923 903 2970; baseline 0.001 -12"><span class='ocrx_word' id='word_1_367' title='bbox 214 2935 260 2958; x_wconf 87' lang='lat' dir='ltr'>m.</span> <span class='ocrx_word' id='word_1_368' title='bbox 283 2923 421 2958; x_wconf 83' lang='lat' dir='ltr'>Faciam</span> <span class='ocrx_word' id='word_1_369' title='bbox 436 2935 492 2958; x_wconf 90' lang='lat' dir='ltr'>me</span> <span class='ocrx_word' id='word_1_370' title='bbox 509 2925 609 2969; x_wconf 83' lang='lat' dir='ltr'>quasi</span> <span class='ocrx_word' id='word_1_371' title='bbox 625 2924 787 2968; x_wconf 82' lang='lat' dir='ltr'>angelum</span> <span class='ocrx_word' id='word_1_372' title='bbox 802 2925 903 2970; x_wconf 80' lang='lat' dir='ltr'>lucis]</span> 
     </span>
     <span class='ocr_line' id='line_1_48' title="bbox 169 2968 905 3014; baseline 0.004 -11"><span class='ocrx_word' id='word_1_373' title='bbox 169 2968 260 3003; x_wconf 88' lang='lat' dir='ltr'>Haec</span> <span class='ocrx_word' id='word_1_374' title='bbox 281 2969 454 3004; x_wconf 87' lang='lat' dir='ltr'>interserit</span> <span class='ocrx_word' id='word_1_375' title='bbox 475 2981 519 3004; x_wconf 85' lang='lat' dir='ltr'>ex</span> <span class='ocrx_word' id='word_1_376' title='bbox 547 2970 621 3004; x_wconf 89' lang='lat' dir='ltr'>loco</span> <span class='ocrx_word' id='word_1_377' title='bbox 644 2969 800 3014; x_wconf 84' lang='lat' dir='ltr'>Apostoli</span> <span class='ocrx_word' id='word_1_378' title='bbox 820 2982 905 3006; x_wconf 84' lang='lat' dir='ltr'>mox</span> 
     </span>
     <span class='ocr_line' id='line_1_49' title="bbox 169 3013 520 3059; baseline 0.003 -11"><span class='ocrx_word' id='word_1_379' title='bbox 169 3013 397 3059; x_wconf 90' lang='lat' dir='ltr'>producendo.</span> <span class='ocrx_word' id='word_1_380' title='bbox 445 3015 520 3056; x_wconf 83' lang='lat' dir='ltr'>(F.)</span> 
     </span>
    </p>

    <p class='ocr_par' dir='ltr' id='par_1_13' title="bbox 215 3060 904 3105">
     <span class='ocr_line' id='line_1_50' title="bbox 215 3060 904 3105; baseline 0.006 -11"><span class='ocrx_word' id='word_1_381' title='bbox 215 3071 249 3094; x_wconf 88' lang='lat' dir='ltr'>n.</span> <span class='ocrx_word' id='word_1_382' title='bbox 274 3060 465 3105; x_wconf 84' lang='lat' dir='ltr'>apostolus]</span> <span class='ocrx_word' id='word_1_383' title='bbox 497 3060 528 3095; x_wconf 78' lang='lat'>2.</span> <span class='ocrx_word' id='word_1_384' title='bbox 546 3060 622 3095; x_wconf 88' lang='lat' dir='ltr'>Cor.</span> <span class='ocrx_word' id='word_1_385' title='bbox 639 3060 699 3095; x_wconf 85' lang='lat' dir='ltr'>XI.</span> <span class='ocrx_word' id='word_1_386' title='bbox 718 3061 766 3095; x_wconf 89' lang='lat'>14.</span> <span class='ocrx_word' id='word_1_387' title='bbox 791 3061 904 3098; x_wconf 89' lang='lat' dir='ltr'>Etiam</span> 
     </span>
    </p>
   </div>
   <div class='ocr_carea' id='block_1_10' title="bbox 972 2611 1714 3114">
    <p class='ocr_par' dir='ltr' id='par_1_14' title="bbox 974 2611 1714 2746">
     <span class='ocr_line' id='line_1_51' title="bbox 975 2611 1714 2656; baseline 0.003 -12"><span class='ocrx_word' id='word_1_388' title='bbox 975 2611 1047 2644; x_wconf 88' lang='lat' dir='ltr'>Hoc</span> <span class='ocrx_word' id='word_1_389' title='bbox 1065 2615 1117 2644; x_wconf 87' lang='lat' dir='ltr'>est</span> <span class='ocrx_word' id='word_1_390' title='bbox 1131 2611 1376 2655; x_wconf 86' lang='lat' dir='ltr'>persuadentes</span> <span class='ocrx_word' id='word_1_391' title='bbox 1402 2622 1443 2645; x_wconf 84' lang='lat' dir='ltr'>ea</span> <span class='ocrx_word' id='word_1_392' title='bbox 1460 2623 1546 2656; x_wconf 86' lang='lat' dir='ltr'>quae</span> <span class='ocrx_word' id='word_1_393' title='bbox 1570 2613 1714 2646; x_wconf 82' lang='lat' dir='ltr'>suadent</span> 
     </span>
     <span class='ocr_line' id='line_1_52' title="bbox 976 2657 1712 2701; baseline 0.004 -12"><span class='ocrx_word' id='word_1_394' title='bbox 976 2667 1094 2690; x_wconf 88' lang='lat' dir='ltr'>revera</span> <span class='ocrx_word' id='word_1_395' title='bbox 1117 2668 1193 2690; x_wconf 88' lang='lat' dir='ltr'>esse</span> <span class='ocrx_word' id='word_1_396' title='bbox 1225 2657 1512 2701; x_wconf 82' lang='lat' dir='ltr'>quemadmodum</span> <span class='ocrx_word' id='word_1_397' title='bbox 1537 2658 1712 2692; x_wconf 84' lang='lat' dir='ltr'>suadeant.</span> 
     </span>
     <span class='ocr_line' id='line_1_53' title="bbox 974 2701 1622 2746; baseline 0.002 -11"><span class='ocrx_word' id='word_1_398' title='bbox 974 2701 1122 2736; x_wconf 82' lang='lat' dir='ltr'>Fabricii</span> <span class='ocrx_word' id='word_1_399' title='bbox 1138 2703 1370 2746; x_wconf 76' lang='lat' dir='ltr'>interpretatio</span> <span class='ocrx_word' id='word_1_400' title='bbox 1391 2703 1511 2736; x_wconf 88' lang='lat' dir='ltr'>eodem</span> <span class='ocrx_word' id='word_1_401' title='bbox 1527 2704 1622 2736; x_wconf 80' lang='lat' dir='ltr'>redit.</span> 
     </span>
    </p>

    <p class='ocr_par' dir='ltr' id='par_1_15' title="bbox 974 2748 1712 2974">
     <span class='ocr_line' id='line_1_54' title="bbox 1020 2748 1712 2792; baseline 0.004 -12"><span class='ocrx_word' id='word_1_402' title='bbox 1020 2759 1051 2792; x_wconf 91' lang='lat' dir='ltr'>p.</span> <span class='ocrx_word' id='word_1_403' title='bbox 1076 2758 1145 2781; x_wconf 89' lang='lat' dir='ltr'>non</span> <span class='ocrx_word' id='word_1_404' title='bbox 1159 2748 1297 2781; x_wconf 87' lang='lat' dir='ltr'>alterius</span> <span class='ocrx_word' id='word_1_405' title='bbox 1311 2748 1373 2791; x_wconf 89' lang='lat' dir='ltr'>rei]</span> <span class='ocrx_word' id='word_1_406' title='bbox 1400 2748 1509 2788; x_wconf 86' lang='lat' dir='ltr'>Quam</span> <span class='ocrx_word' id='word_1_407' title='bbox 1523 2749 1631 2782; x_wconf 85' lang='lat' dir='ltr'>bonae</span> <span class='ocrx_word' id='word_1_408' title='bbox 1648 2751 1712 2784; x_wconf 87' lang='lat' dir='ltr'>sci-</span> 
     </span>
     <span class='ocr_line' id='line_1_55' title="bbox 974 2792 1711 2837; baseline 0.001 -11"><span class='ocrx_word' id='word_1_409' title='bbox 974 2792 1062 2833; x_wconf 80' lang='lat' dir='ltr'>licet,</span> <span class='ocrx_word' id='word_1_410' title='bbox 1080 2797 1119 2826; x_wconf 81' lang='lat' dir='ltr'>ut</span> <span class='ocrx_word' id='word_1_411' title='bbox 1134 2804 1215 2826; x_wconf 85' lang='lat' dir='ltr'>mox</span> <span class='ocrx_word' id='word_1_412' title='bbox 1235 2792 1343 2826; x_wconf 80' lang='lat' dir='ltr'>addit:</span> <span class='ocrx_word' id='word_1_413' title='bbox 1370 2819 1384 2833; x_wconf 82' lang='lat'>„</span> <span class='ocrx_word' id='word_1_414' title='bbox 1399 2793 1530 2826; x_wconf 70' lang='lat' dir='ltr'>Visibus</span> <span class='ocrx_word' id='word_1_415' title='bbox 1546 2798 1643 2837; x_wconf 73' lang='lat' dir='ltr'>quasi</span> <span class='ocrx_word' id='word_1_416' title='bbox 1659 2796 1711 2827; x_wconf 79' lang='lat' dir='ltr'>lm-</span> 
     </span>
     <span class='ocr_line' id='line_1_56' title="bbox 975 2838 1711 2877; baseline 0.001 -7"><span class='ocrx_word' id='word_1_417' title='bbox 975 2841 1027 2870; x_wconf 71' lang='lat' dir='ltr'>ms</span> <span class='ocrx_word' id='word_1_418' title='bbox 1044 2844 1075 2871; x_wconf 78' lang='lat' dir='ltr'>et</span> <span class='ocrx_word' id='word_1_419' title='bbox 1091 2851 1153 2871; x_wconf 80' lang='lat' dir='ltr'>uon.</span> <span class='ocrx_word' id='word_1_420' title='bbox 1170 2839 1298 2871; x_wconf 51' lang='lat' dir='ltr'>maliis-fi</span> <span class='ocrx_word' id='word_1_421' title='bbox 1323 2838 1374 2871; x_wconf 81' lang='lat' dir='ltr'>ita</span> <span class='ocrx_word' id='word_1_422' title='bbox 1390 2838 1533 2871; x_wconf 83' lang='lat' dir='ltr'>dicimus</span> <span class='ocrx_word' id='word_1_423' title='bbox 1553 2842 1603 2877; x_wconf 69' lang='lat' dir='ltr'>„si</span> <span class='ocrx_word' id='word_1_424' title='bbox 1617 2853 1711 2873; x_wconf 62' lang='lat' dir='ltr'>secus</span> 
     </span>
     <span class='ocr_line' id='line_1_57' title="bbox 975 2884 1710 2928; baseline 0.003 -12"><span class='ocrx_word' id='word_1_425' title='bbox 975 2885 1106 2927; x_wconf 78' lang='lat' dir='ltr'>aliquid</span> <span class='ocrx_word' id='word_1_426' title='bbox 1118 2884 1313 2924; x_wconf 77' lang='lat' dir='ltr'>acc-iderit‚&#39;&#39;</span> <span class='ocrx_word' id='word_1_427' title='bbox 1336 2884 1389 2916; x_wconf 85' lang='lat' dir='ltr'>vel</span> <span class='ocrx_word' id='word_1_428' title='bbox 1405 2896 1518 2921; x_wconf 65' lang='lat' dir='ltr'>„secas</span> <span class='ocrx_word' id='word_1_429' title='bbox 1531 2888 1710 2928; x_wconf 78' lang='lat' dir='ltr'>coyitare,&#39;&#39;</span> 
     </span>
     <span class='ocr_line' id='line_1_58' title="bbox 974 2929 1549 2974; baseline 0.002 -13"><span class='ocrx_word' id='word_1_430' title='bbox 974 2939 1034 2974; x_wconf 89' lang='lat' dir='ltr'>pro</span> <span class='ocrx_word' id='word_1_431' title='bbox 1054 2931 1110 2968; x_wconf 80' lang='lat' dir='ltr'>„in</span> <span class='ocrx_word' id='word_1_432' title='bbox 1127 2930 1250 2962; x_wconf 80' lang='lat' dir='ltr'>malam</span> <span class='ocrx_word' id='word_1_433' title='bbox 1264 2929 1427 2973; x_wconf 71' lang='lat' dir='ltr'>pa1·tem.&#39;&#39;</span> <span class='ocrx_word' id='word_1_434' title='bbox 1475 2929 1549 2969; x_wconf 77' lang='lat' dir='ltr'>(F.)</span> 
     </span>
    </p>

    <p class='ocr_par' dir='ltr' id='par_1_16' title="bbox 972 2974 1708 3114">
     <span class='ocr_line' id='line_1_59' title="bbox 1019 2974 1708 3019; baseline 0.007 -12"><span class='ocrx_word' id='word_1_435' title='bbox 1019 2985 1050 3018; x_wconf 93' lang='lat' dir='ltr'>q.</span> <span class='ocrx_word' id='word_1_436' title='bbox 1076 2975 1201 3019; x_wconf 88' lang='lat' dir='ltr'>quippe</span> <span class='ocrx_word' id='word_1_437' title='bbox 1214 2975 1290 3008; x_wconf 86' lang='lat' dir='ltr'>visu</span> <span class='ocrx_word' id='word_1_438' title='bbox 1303 2974 1401 3018; x_wconf 86' lang='lat' dir='ltr'>quasi</span> <span class='ocrx_word' id='word_1_439' title='bbox 1414 2974 1604 3019; x_wconf 80' lang='lat' dir='ltr'>verisimili]</span> <span class='ocrx_word' id='word_1_440' title='bbox 1628 2976 1655 3010; x_wconf 91' lang='lat' dir='ltr'><strong>F</strong></span> <span class='ocrx_word' id='word_1_441' title='bbox 1658 2989 1708 3012; x_wconf 91' lang='lat' dir='ltr'>or-</span> 
     </span>
     <span class='ocr_line' id='line_1_60' title="bbox 973 3018 1707 3063; baseline 0.008 -11"><span class='ocrx_word' id='word_1_442' title='bbox 973 3023 1064 3052; x_wconf 88' lang='lat' dir='ltr'>tasse</span> <span class='ocrx_word' id='word_1_443' title='bbox 1087 3021 1279 3053; x_wconf 75' lang='lat' dir='ltr'>z-erisimilis</span> <span class='ocrx_word' id='word_1_444' title='bbox 1306 3018 1498 3063; x_wconf 78' lang='lat' dir='ltr'>legendum.</span> <span class='ocrx_word' id='word_1_445' title='bbox 1538 3020 1607 3055; x_wconf 85' lang='lat' dir='ltr'>Aut</span> <span class='ocrx_word' id='word_1_446' title='bbox 1628 3033 1707 3058; x_wconf 85' lang='lat' dir='ltr'>vero</span> 
     </span>
     <span class='ocr_line' id='line_1_61' title="bbox 972 3064 1708 3114; baseline 0.008 -15"><span class='ocrx_word' id='word_1_447' title='bbox 972 3064 1188 3100; x_wconf 80' lang='lat' dir='ltr'>referendum</span> <span class='ocrx_word' id='word_1_448' title='bbox 1203 3064 1287 3100; x_wconf 80' lang='lat' dir='ltr'>illud</span> <span class='ocrx_word' id='word_1_449' title='bbox 1306 3065 1479 3098; x_wconf 66' lang='lat' dir='ltr'>z-erz&#39;ffl&#39;nn&#39;lc</span> <span class='ocrx_word' id='word_1_450' title='bbox 1499 3065 1542 3100; x_wconf 88' lang='lat' dir='ltr'>ad</span> <span class='ocrx_word' id='word_1_451' title='bbox 1565 3078 1605 3102; x_wconf 87' lang='lat' dir='ltr'>ea</span> <span class='ocrx_word' id='word_1_452' title='bbox 1621 3079 1708 3114; x_wconf 81' lang='lat' dir='ltr'>quae</span> 
     </span>
    </p>
   </div>
   <div class='ocr_carea' id='block_1_11' title="bbox 1742 2131 1939 2162">
    <p class='ocr_par' dir='ltr' id='par_1_17' title="bbox 1742 2131 1939 2162">
     <span class='ocr_line' id='line_1_62' title="bbox 1742 2131 1939 2162; baseline 0.01 -9"><span class='ocrx_word' id='word_1_453' title='bbox 1742 2131 1805 2162; x_wconf 55' lang='lat' dir='ltr'>(sap.</span> <span class='ocrx_word' id='word_1_454' title='bbox 1831 2131 1939 2155; x_wconf 68' lang='lat' dir='ltr'>XXVII.</span> 
     </span>
    </p>
   </div>
  </div>
 </body>
</html>
