2052 3374
338 795 799 856 GENNADII
858 791 1498 853 MASSILIENSIS

866 936 987 964 LIBER

463 1038 533 1081 DE
563 1037 992 1080 ECCLESIASTICIS
1022 1035 1388 1079 DOGMATIBUS.

155 1243 404 1323 Credimus
423 1293 555 1320 unum
576 1292 666 1321 esse
689 1279 812 1320 deum
833 1282 995 1334 patrem
1016 1282 1056 1319 et
1072 1278 1204 1319 filium
1225 1282 1266 1319 et
1286 1279 1478 1333 spiritum
1495 1280 1704 1318 sanctum:

153 1354 318 1407 patrem
338 1363 385 1390 eo
407 1347 517 1403 quod
537 1347 669 1389 filium
688 1347 855 1400 habeat,
885 1347 1017 1388 filium
1038 1361 1084 1388 eo
1108 1347 1217 1401 quod
1243 1351 1405 1402 patrem
1424 1345 1589 1399 habeat,
1620 1348 1706 1401 spi-

153 1421 280 1461 ritum
302 1421 495 1460 sanctum
515 1431 562 1459 eo
585 1415 694 1471 quod
715 1418 769 1457 sit
790 1430 840 1457 ex
855 1420 971 1471 patre
993 1416 1059 1456 161
1078 1415 1174 1457 filio.
1205 1416 1328 1457 Pater
1344 1429 1438 1469 ergo
1454 1417 1708 1471 principium

157 1487 347 1530 deitatis:
377 1487 447 1541 qui
474 1485 583 1527 sicut
603 1498 816 1539 nunquam
837 1485 915 1525 fuit
934 1498 1019 1526 non
1048 1484 1164 1537 deus,
1188 1486 1249 1525 ita
1275 1498 1490 1538 nunquam
1515 1485 1594 1526 fuit
1623 1498 1707 1525 non

153 1560 287 1612 pater,
307 1569 332 1596 3
352 1568 431 1610 quo
452 1554 562 1595 filius
582 1559 719 1606 natus,
741 1568 764 1594 a
785 1567 863 1608 quo
882 1555 1050 1608 spiritus
1069 1558 1238 1594 sanctus
1254 1567 1338 1594 non
1353 1557 1490 1606 natus,
1512 1554 1608 1607 quia
1623 1567 1708 1594 non

155 1629 220 1667 est
240 1623 351 1666 filius
378 1637 514 1678 neque
540 1624 771 1677 ingenitus,
800 1624 895 1677 quia
923 1636 1008 1663 non
1037 1626 1100 1663 631
1126 1627 1244 1676 pater
1270 1635 1405 1676 neque
1431 1622 1585 1675 factus,
1612 1623 1708 1676 quia

155 1707 243 1736 non
272 1697 337 1735 est
364 1706 415 1734 ex
435 1691 587 1745 11111110,
616 1691 690 1732 sed
719 1705 769 1732 ex
799 1691 874 1732 deo
902 1696 1020 1746 patre
1050 1696 1090 1731 et
1119 1690 1194 1732 deo
1223 1690 1306 1732 filio
1335 1690 1436 1732 deus
1462 1690 1706 1746 procedens.

154 1761 279 1804 Pater
299 1765 508 1814 aeternus,
529 1775 576 1802 eo
599 1760 709 1815 quod
729 1764 946 1801 aeternum
964 1759 1117 1801 habeat
1136 1759 1281 1812 filium,
1304 1760 1421 1801 cuius
1442 1764 1634 1801 aeternus
1655 1762 1710 1801 sit

154 1835 290 1887 pater:
311 1830 422 1872 filius
443 1834 651 1882 aeternus,
673 1843 719 1871 eo
742 1829 851 1883 quod
872 1830 926 1870 sit
941 1829 1048 1883 patri
1066 1831 1328 1869 coaeternus:
1350 1829 1522 1884 spiritus
1539 1834 1707 1870 sanctus

156 1903 367 1953 aeternus,
388 1912 435 1940 eo
458 1898 568 1953 quod
589 1900 643 1940 sit
662 1899 770 1953 patri
792 1902 833 1938 et
853 1897 936 1938 filio
960 1900 1215 1938 coaeternus.
1256 1897 1349 1939 Non
1370 1897 1541 1940 confusa
1560 1898 1605 1939 in
1625 1911 1709 1938 una

156 1982 338 2024 persona
362 1968 544 2020 trinitas,
570 1971 618 2008 111
644 1965 850 2008 sabellius
882 1965 996 2018 djcit‚
1023 1979 1157 2020 neque
1185 1971 1375 2022 separata
1396 1971 1468 2008 aut
1487 1965 1646 2008 2djvisa
1665 1968 1709 2007 in

155 2041 306 2078 natura
325 2035 538 2088 divinitas,
568 2040 613 2076 ut
632 2036 757 2076 Arius
778 2033 1054 2089 blasphemat,
1084 2034 1158 2076 sed
1178 2034 1282 2076 alter
1301 2036 1346 2076 in
1374 2049 1552 2091 persona
1578 2039 1709 2091 pater,

157 2105 262 2147 alter
280 2106 326 2146 in
345 2117 522 2160 persona
542 2103 666 2157 filius,
687 2103 791 2144 alter
809 2103 854 2144 in
873 2117 1053 2158 persona
1074 2105 1244 2159 spiritus
1266 2108 1450 2157 sanctus,
1477 2118 1585 2146 unus
1605 2104 1620 2129 3
1633 2118 1706 2145 na-

156 2178 252 2215 tura
269 2173 315 2214 in
336 2176 482 2214 sancta
500 2174 687 2213 trinitate
711 2172 811 2213 deus
832 2176 949 2226 pater
970 2176 1011 2212 et
1031 2171 1140 2213 filius
1163 2176 1204 2213 et
1224 2173 1393 2228 spiritus
1416 2178 1596 2215 sanctus.

242 2241 337 2284 Non
355 2245 474 2296 pater
494 2254 663 2282 carnem
683 2242 925 2295 assumpsit,
945 2254 1078 2293 neque
1099 2242 1270 2296 spiritus
1293 2247 1476 2295 sanctus,
1504 2242 1578 2283 3611
1599 2241 1708 2283 filius
1748 2257 1771 2280 -ι

157 2314 341 2362 tantum,
371 2313 419 2350 ut
439 2310 510 2363 qui
531 2314 620 2350 erat
638 2310 683 2350 in
712 2308 929 2350 divinitate
951 2308 1045 2350 ¹dei
1072 2308 1180 2350 filius
1208 2311 1296 2365 ipse
1326 2311 1444 2352 fieret
1471 2312 1515 2352 in
1540 2311 1707 2352 homine

160 2377 365 2421 211011111113
387 2377 518 2432 1111113;
546 2391 598 2418 116
620 2377 695 2418 filii
715 2391 867 2419 nomen
888 2377 941 2419 ad
961 2377 1138 2419 alterum
1158 2380 1375 2432 transiret,
1404 2381 1474 2433 qui
1494 2393 1578 2421 non
1599 2385 1709 2421 esset

159 2448 399 2490 ³nativitate
420 2445 531 2487 filius
553 2445 633 2487 dei.
662 2445 767 2499 Ergo
791 2446 856 2487 dei
877 2445 987 2487 filius
1004 2446 1186 2488 hominis
1203 2447 1337 2488 factus
1359 2453 1422 2488 est
1442 2447 1566 2502 filius,
1586 2454 1708 2489 natus

159 2515 388 2558 secundum
408 2515 626 2556 veritatem
645 2518 816 2556 naturae
839 2528 889 2556 ex
912 2514 986 2556 deo
1010 2515 1077 2556 dei
1097 2515 1220 2568 filius,
1246 2521 1287 2556 61
1307 2516 1537 2558 secundum
1555 2519 1708 2558 verita-

159 2589 246 2626 tem
272 2589 445 2626 naturae
474 2597 525 2624 ex
550 2582 717 2624 homine
747 2583 928 2625 hominis
956 2583 1087 2636 filius,
1115 2588 1161 2624 ut
1187 2585 1342 2625 veritas
1371 2585 1500 2638 geniti
1528 2599 1612 2626 non
1633 2585 1707 2626 ad-

160 2653 342 2709 optione,
362 2666 445 2694 non
465 2650 756 2707 appeliatione,
778 2651 852 2693 sed
871 2651 917 2692 in
936 2656 1110 2706 utraque
1131 2653 1348 2693 nativitate
1370 2652 1445 2693 filii
1460 2666 1611 2694 nomen
1632 2667 1706 2694 na-

230 2776 313 2823 Cap.
330 2776 356 2810 Ι.
374 2796 417 2800 -
437 2777 465 2811 l.
485 2775 584 2809 Edita·
600 2776 730 2808 addunt
750 2779 785 2808 et
806 2775 876 2809 filio
899 2774 1103 2820 procedens,

164 2823 258 2903 agat
271 2836 302 2902 :iz
323 2822 420 2856 MSS.
454 2820 661 2866 (Benediet.)
747 2820 777 2854 2.
796 2820 892 2855 MSS.
916 2821 1061 2855 diversa.
1095 2822 1103 2864 (

161 2870 171 2911 (
207 2879 270 2902 ene
296 2894 304 2902 .

229 2912 280 2948 Ca
305 2868 372 2948 .›II.
389 2933 433 2938 —
453 2914 480 2947 l.
499 2912 598 2946 Editi
615 2913 745 2945 addunt
765 2912 884 2945 matris
902 2918 980 2945 ante
996 2912 1097 2947 filius.
1124 2911 1286 2956 (Bened.)
1311 2913 1352 2946 In
1371 2915 1449 2948 edit.
1469 2913 1710 2947 Elmenltorstii

163 2965 256 2992 extat
293 2959 326 2992 ei
340 2959 447 3004 patris
464 2958 568 2992 filius.
647 2957 678 2991 2.
695 2956 844 2992 hominis
860 2958 980 2991 matris
997 2957 1088 2991 filius
1105 2959 1156 2992 ed.
1176 2958 1326 2992 Elmenh.
1408 2958 1438 2992 3.
1457 2958 1557 2992 Editi
1571 2964 1710 2993 aeterna

165 3005 343 3038 nativitate
359 3003 462 3046 filius,
487 3007 603 3038 omis-50
629 3003 693 3036 dei.
725 3001 884 3046 (Bened.)
915 3003 958 3036 Iu
982 3005 1060 3036 edit.
1078 3002 1231 3037 Elmenlz.
1255 3011 1347 3038 extat
1369 3010 1509 3039 aeterua
1531 3006 1709 3039 nativitate

164 3049 267 3085 filius.
291 3049 356 3083 Dei
380 3060 466 3094 ergo
488 3049 580 3083 filius
603 3048 714 3082 factus
740 3052 792 3082 est
815 3047 963 3083 hominis
986 3048 1079 3082 filius
1105 3055 1178 3083 cett.

1110 2775 1215 2854 1patri
1239 2779 1271 2809 et
1293 2775 1364 2810 filio
1382 2780 1599 2829 coaeternus,
1624 2778 1710 2821 quod

1142 2821 1254 2865 ened.)
1339 2822 1371 2856 3.
1395 2822 1491 2856 MSS.
1518 2833 1552 2855 111
1576 2827 1707 2856 natura.

1731 1294 1797 1326 Cap.
1819 1295 1839 1318 1.
