2052 3342
371 200 450 240 222
1040 195 1240 221 AUGUSTINI

370 301 592 342 ealliditate
613 303 864 354 supponeret
884 299 1026 339 dicens
1063 298 1114 339 ad
1137 298 1211 338 hoc
1233 311 1323 339 eam
1345 298 1432 339 dari
1453 298 1709 347 hominibus,
1732 301 1778 339 ut
1803 309 1906 351 quae

369 372 501 410 faeere
526 383 597 422 per
620 369 793 408 liberum
816 367 1008 407 iubentur
1029 367 1260 419 arbitrium,
1281 366 1442 407 facilius
1463 369 1623 421 possint
1643 365 1812 421 implere
1834 378 1910 420 per

368 440 555 489 gratiam.
609 436 789 476 Dicendo
814 437 966 489 utique,
989 435 1041 475 lft
1066 435 1225 475 facilius
1247 436 1420 489 possint,
1442 434 1570 475 voluit
1591 434 1716 486 credi,
1745 434 1904 474 etiamsi

369 505 597 546 disin-ilius.
627 509 762 545 tamen
795 518 913 558 posse
944 503 1129 543 homines
1166 505 1253 542 sine
1289 505 1418 552 gratia
1446 502 1587 543 divina
1619 504 1752 542 facere
1782 503 1903 542 iussa.

368 573 481 613 Illam
507 588 600 613 vero
623 575 795 622 gratiam
819 572 885 612 ilei
916 573 1003 612 sine
1031 586 1109 625 qua
1141 571 1242 611 nihil
1274 571 1369 611 honi
1400 584 1614 625 possumus
1642 570 1797 622 facere,
1824 582 1907 610 non

368 656 456 680 esse
481 641 620 681 dieunt
645 643 722 681 nisi
748 642 787 680 in
813 640 937 680 libero
966 639 1149 684 arbitrio,
1178 639 1284 692 quod
1313 639 1436 679 nullis
1459 641 1543 679 suis
1565 637 1906 693 praecedentibus

367 711 524 750 meritis
547 710 597 749 ah
623 709 688 748 illo
712 710 871 762 aceepit
894 713 1029 748 nostra
1054 714 1218 754 natura,
1247 706 1297 747 ad
1321 706 1394 748 hoc
1418 711 1579 748 tantum
1606 708 1648 747 in
1670 708 1757 761 ipso
1786 705 1902 747 adiu-

368 784 487 818 vante
513 792 583 831 per
605 791 718 817 suani
749 777 879 829 legem
901 782 1022 829 atque
1051 776 1301 821 doctrinam,
1331 780 1374 815 ut
1407 775 1612 815 discamus
1642 788 1743 828 quae
1770 774 1906 816 facere

366 852 403 885 et
429 860 531 899 qnae
555 860 718 899 sperare
743 845 987 896 debeamus,
1017 859 1097 885 non
1129 849 1266 884 antem
1288 843 1453 895 adhoc,
1481 848 1527 884 ut
1547 857 1620 897 per
1647 842 1800 884 donum
1821 844 1906 898 spi—

368 916 466 954 ritns
489 916 591 965 *As-ui,
611 928 711 967 qnae
735 913 1001 953 didicerimus
1024 928 1113 952 esse
1136 912 1361 955 ΜΞΝ-10111111.
1390 912 1599 952 faciamus.
1650 911 1710 952 Ac
1738 924 1811 966 per
1829 909 1907 953 hoc

367 983 564 1022 divinitus
583 983 700 1022 nohis
725 982 809 1022 dari
835 983 1051 1021 scientiam
1074 983 1341 1032 conlitentur,
1371 994 1451 1034 qua
1473 981 1703 1033 ignorantia
1722 978 1906 1033 pellitur3

366 1052 578 1091 raritatem
607 1055 743 1090 autem
766 1050 851 1090 dari
875 1054 1040 1102 negant,
1069 1063 1148 1102 qua
1174 1050 1238 1103 pie
1269 1050 1439 1089 vivitur.-
1466 1052 1511 1088 ut
1532 1048 1710 1101 scilicet,
1739 1061 1834 1089 cum
1855 1049 1908 1088 sit

365 1119 428 1160 dei
459 1118 613 1160 donum
641 1120 815 1159 seientia
844 1131 946 1171 quae
977 1119 1065 1158 sine
1095 1119 1263 1157 caritate
1292 1117 1427 1169 inllat,
1463 1130 1543 1158 non
1573 1118 1627 1158 sit
1656 1115 1721 1157 dei
1753 1115 1907 1157 donum

367 1190 454 1243 ipsa
475 1189 638 1239 caritas,
662 1201 764 1240 quae
785 1193 826 1226 ut
844 1187 1017 1226 scientia
1033 1199 1114 1226 non
1133 1186 1247 1226 inflet
1269 1185 1508 1226 ¹⁰acdil⁷icat.
1538 1184 1767 1226 Destruunt
1782 1185 1907 1226 etiam

366 1257 570 1297 orationes
594 1269 694 1308 quas
718 1256 815 1295 facit
837 1254 1033 1306 eeclesia,
1066 1255 1151 1294 sive
1180 1268 1251 1308 pro
1280 1253 1516 1294 infidelibus
1545 1257 1587 1294 et
1607 1252 1818 1294 doctrinae
1839 1251 1906 1294 dei

364 1325 676 1367 resistentibus.
699 1326 745 1363 ut
765 1327 1059 1364 convertantur
1079 1322 1129 1362 ad
1152 1322 1295 1363 deum:
1318 1323 1403 1363 sive
1430 1336 1503 1376 pro
1525 1321 1738 1375 fidelibus,
1766 1324 1812 1362 ut
1832 1334 1904 1362 au-

364 1397 505 1447 geatur
529 1393 568 1432 in
593 1392 650 1432 eis
675 1391 790 1436 lidos„
813 1395 853 1431 et
873 1396 1138 1446 perseverent
1160 1392 1201 1431 in
1224 1404 1283 1431 ea.
1333 1390 1443 1431 'Ilaec
1466 1391 1617 1445 quippe
1638 1403 1722 1431 non
1743 1389 1793 1431 ab
1815 1391 1904 1446 ipso

364 1463 564 1515 accipere,
586 1459 658 1500 sed
681 1475 701 1499 a
720 1461 867 1513 seipsis
885 1460 1072 1500 homines
1095 1458 1246 1500 habere
1265 1458 1535 1511 contendunt,
1555 1459 1728 1513 gratiam
1744 1457 1810 1499 dei
1826 1471 1907 1513 qua

366 1530 589 1570 liberamur
624 1528 675 1569 ab
714 1529 922 1581 impietate
960 1527 1144 1568 dicentes
1182 1526 1412 1568 seeundum
1447 1526 1596 1568 merita
1628 1531 1770 1569 nostra
1803 1526 1903 1568 dari.

365 1598 480 1648 Quod
517 1597 684 1652 quidem
719 1595 909 1649 Pelagius
948 1598 989 1637 in
1025 1595 1247 1651 episcopali
1278 1595 1428 1637 iudicio
1456 1594 1690 1637 Palaestino
1719 1594 1905 1637 damnari

363 1671 550 1708 metuens
574 1666 767 1706 damnare
791 1664 1026 1719 compulsus
1051 1671 1127 1717 est,
1156 1664 1229 1706 sed
1250 1665 1294 1705 in
1316 1662 1611 1719 posterioribus
1634 1665 1717 1705 suis
1739 1664 1905 1719 scriptis

364 1736 441 1777 hoc
463 1736 670 1775 invenitur
693 1734 849 1775 (locere.
899 1734 946 1774 In
970 1732 1010 1774 id
1033 1734 1157 1773 etiam
1178 1732 1516 1787 progrediuntur,
1544 1736 1590 1773 ut
1611 1731 1752 1773 dicant
1775 1731 1906 1774 vitam

363 1805 565 1845 iustorum
586 1803 627 1843 in
656 1803 732 1843 hoc
756 1802 891 1843 seculo
921 1801 1080 1842 nullum
1103 1802 1268 1842 omnino
1299 1801 1451 1842 habere
1473 1804 1688 1855 peccatum
1708 1803 1750 1841 et
1769 1813 1821 1841 ex
1838 1799 1904 1842 his

363 1872 580 1914 ecclesiam
603 1872 754 1912 Christi
775 1871 817 1911 in
839 1870 915 1911 hac
936 1869 1185 1911 mortalitate
1206 1870 1364 1924 perlici,
1385 1873 1431 1910 nt
1451 1870 1505 1909 sit
1525 1870 1690 1910 omnino
1712 1869 1802 1910 sine
1812 1881 1902 1911 ma-

363 1940 456 1981 cula
476 1944 517 1980 et
539 1940 696 1993 ¹¹1·uga;
720 1940 838 1992 quasi
855 1952 937 1980 non
960 1940 1014 1978 sit
1031 1937 1183 1979 Christi
1200 1937 1387 1989 ecelesia,
1409 1950 1516 1991 quae
1538 1938 1582 1978 in
1597 1940 1683 1979 toto
1700 1941 1904 1979 terrarum

363 2009 459 2050 orbe
491 2007 643 2049 clamat
670 2007 722 2048 ad
754 2006 895 2059 deum,
932 2006 1144 2047 12Dimitte
1173 2006 1292 2047 nobis
1323 2005 1464 2047 debita
1489 2009 1643 2047 nostra.
1705 2004 1903 2048 Parvulos

363 2079 487 2118 etiam
508 2079 661 2128 negant
689 2075 917 2116 secundum
939 2074 1072 2115 Adam
1102 2074 1322 2116 carnaliter
1349 2078 1467 2116 natos
1498 2073 1733 2128 contagium
1758 2075 1902 2116 mortis

361 2145 554 2199 antiquae
577 2145 711 2199 prima
731 2144 946 2184 nativitate
970 2142 1225 2184 contrahere.
1275 2142 1343 2184 Sic
1366 2144 1478 2184 enim
1499 2156 1567 2183 eos
1589 2143 1680 2183 sine
1699 2141 1782 2184 ullo
1803 2155 1901 2198 pec-

365 2213 447 2255 cati
468 2212 678 2266 originalis
699 2210 863 2252 vinculo
886 2216 1076 2252 asserunt
1096 2212 1231 2264 nasci,
1260 2215 1307 2252 ut
1326 2224 1493 2266 prorsus
1521 2223 1606 2252 non
1632 2211 1688 2252 sit
1714 2209 1823 2265 quod
1843 2209 1902 2252 eis

363 2285 547 2336 oporteat
568 2279 751 2322 secunda
771 2279 985 2320 nativitate
1009 2279 1182 2332 dimitti,
1205 2279 1276 2320 sed
1298 2293 1366 2320 eos
1387 2282 1606 2334 propterea
1621 2277 1836 2334 baptizari,
1854 2281 1902 2320 ut

362 2350 668 2403 regeneratione
691 2348 875 2402 adoptati
896 2347 1167 2388 admittantur
1188 2348 1241 2390 ad
1261 2361 1435 2401 regnum
1456 2346 1536 2400 dei,
1558 2346 1608 2388 de
1625 2346 1732 2388 bono
1751 2347 1797 2388 in
1811 2360 1900 2388 me-

360 2418 439 2459 lius
460 2416 666 2470 translati,
688 2430 770 2458 non
790 2416 872 2456 ista
891 2417 1157 2457 renovatione
1179 2415 1230 2457 ab
1252 2415 1388 2470 aliquo
1418 2414 1526 2457 malo
1549 2415 1808 2469 obligationis
1829 2428 1900 2456 ve-

361 2488 458 2528 teris
481 2485 670 2527 absoluti.
719 2484 827 2526 Nam
848 2484 1011 2524 etiamsi
1030 2497 1114 2525 non
1136 2483 1412 2539 baptizentur,
1439 2484 1687 2538 promittunt
1706 2485 1765 2524 eis
1786 2487 1903 2524 extra

362 2568 533 2609 regnum
556 2553 723 2608 quidem
740 2552 818 2604 dei,
841 2551 913 2593 sed
929 2556 1068 2592 tamen
1085 2556 1297 2593 aeternam
1314 2556 1355 2592 et
1371 2552 1534 2593 beatam
1549 2550 1760 2605 quandam
1772 2553 1902 2594 vitam

361 2637 490 2664 suam.
539 2622 684 2676 Ipsum
705 2634 865 2675 quoque
886 2619 1021 2661 Adam
1043 2619 1198 2674 dicunt,
1221 2620 1347 2662 etiam
1367 2621 1403 2661 si
1422 2633 1506 2661 non
1526 2623 1753 2674 peccasset,
1772 2619 1901 2662 fuisse

362 2704 530 2746 corpore
552 2691 811 2741 moriturum,
842 2701 976 2742 neque
997 2687 1056 2728 ita
1075 2693 1283 2730 mortuum
1301 2688 1449 2730 merito
1471 2686 1679 2742 ¹3culpae,
1706 2687 1780 2730 sed
1801 2701 1899 2730 con-

361 2759 516 2801 ditione
543 2762 728 2800 naturae.
779 2756 1039 2798 Obiiciuntur
1073 2757 1132 2796 eis
1162 2759 1204 2797 et
1237 2756 1319 2798 alia
1344 2755 1561 2809 nonnulla,
1595 2755 1670 2797 sed
1694 2756 1777 2798 ista
1803 2759 1902 2799 sunt

427 2860 459 2893 S.
481 2859 538 2892 Sic
555 2859 651 2892 MSS.
669 2859 768 2892 Edita·
789 2870 866 2891 vero
884 2858 1022 2903 spiritus
1040 2857 1159 2891 sancti.
1208 2857 1365 2901 (Bened.)
1413 2857 1444 2891 9.
1467 2857 1525 2890 Sic
1543 2857 1714 2901 leyendum
1731 2869 1770 2891 ex
1785 2863 1899 2891 aueto-

359 2908 461 2939 ritate
477 2908 778 2949 manuscriptorum
793 2914 864 2937 11011
880 2907 996 2937 autem
1012 2902 1054 2936 ad
1070 2901 1135 2936 hoc
1146 2913 1207 2948 per
1223 2903 1353 2937 donum
1369 2903 1505 2947 spiritus
1522 2902 1593 2944 sui,
1617 2905 1656 2936 ut
1672 2913 1761 2947 quae
1776 2901 1898 2937 didice-

359 2951 465 2984 rimus
483 2961 559 2984 esse
575 2949 733 2984 facienda
749 2955 823 2982 cett.
871 2948 1030 2994 (Bened.l
1094 2947 1145 2981 10.
1165 2948 1181 2980 1
1200 2947 1352 2982 Corinth.
1366 2947 1455 2983 VIII.
1475 2948 1504 2982 1.
1578 2947 1628 2982 11.
1644 2947 1768 2993 Ephes.
1784 2947 1824 2983 V.
1842 2946 1895 2982 27.

363 2996 412 3029 12.
437 2995 557 3030 Matth.
583 2995 656 3037 VL,
682 2994 733 3029 12.
823 2993 873 3028 13.
899 2993 986 3027 Edit
1004 2993 1134 3027 Lovau.
1157 3004 1270 3038 neque
1289 2997 1463 3029 mortuum
1478 2993 1602 3028 merito
1624 2994 1760 3038 culpae,
1782 2998 1897 3027 omisso

360 3041 417 3076 ita.
467 3040 625 3085 (Bened.)
