2052 3374
1609 181 1690 222 359

137 284 241 329 logia.
275 282 411 317 Nicetas
428 284 462 317 in
480 283 639 319 Nazianz.
665 287 747 318 tom.
767 284 796 317 ἱ).
822 284 880 317 fol.
898 284 973 318 9¹27.
1009 283 1223 328 Augustinus
1247 283 1290 316 ad
1306 282 1527 316 Pascentium
1544 281 1692 327 epistola.

136 329 320 363 CLXXIV.
350 328 563 374 Epiphanius
587 333 706 362 contra
731 330 869 362 Aetium
894 328 1024 362 haeres.
1044 328 1198 363 LXXVI.
1232 328 1443 361 Athanasius
1466 328 1502 361 in
1526 327 1690 372 disputat.

137 379 258 409 contra
273 375 410 408 Arrium
427 381 510 409 tom.
530 375 569 409 ll.
587 375 645 409 fol.
663 375 738 410 374.
757 376 892 408 scribit:
913 386 990 408 curn
1008 375 1207 408 Sabelliana
1224 373 1376 407 haeresis
1390 374 1547 418 genitum
1561 384 1606 406 ex
1622 374 1690 406 vir-

137 421 217 466 gine
233 425 367 465 patrem
383 421 549 454 voluisset
566 431 730 461 asserere,
749 418 919 464 ἀγέννητον
937 425 1055 453 contra
1073 419 1159 453 hanc
1178 419 1375 453 confitendo
1395 419 1537 452 ecclesia
1551 419 1693 452 tradidit

135 470 277 511 patrem.
302 465 342 499 In
357 465 415 499 lib.
434 466 561 511 dialog.
585 467 625 499 de
649 466 683 499 S.
700 466 852 499 trinitate
870 465 900 500 2.
925 466 984 499 fol.
1006 465 1077 498 160.
1100 465 1172 499 161.
1195 465 1266 498 162.
1285 469 1318 498 et
1339 464 1411 498 154.
1436 475 1514 498 cum
1539 464 1689 510 Epipha-

135 512 193 545 nio
212 515 331 545 contra
347 511 598 545 Semiarrianos
615 511 747 546 haeres.
764 511 921 547 LXXIII.
940 515 974 544 et
989 512 1148 545 Ambros.
1173 511 1213 543 de
1230 511 1397 544 incarnat.
1416 510 1618 543 Dominicae
1636 521 1689 543 53-

135 567 241 592 cram.
259 567 334 602 cap.
351 557 439 591 VIII.
458 561 492 591 et
507 557 568 591 IX.
585 558 729 590 verbum
747 555 918 601 ἀγέννητον
944 558 1004 600 (ex
1029 567 1097 600 quo
1116 557 1236 589 Aetius
1255 560 1287 589 et
1304 557 1422 589 Arrius
1442 556 1586 600 probare
1603 556 1689 589 nite-

135 604 272 644 bantur,
290 603 431 636 alterius
451 603 665 636 substantiae
683 613 760 636 esse
777 606 920 647 patrem,
939 602 1081 635 alterius
1098 601 1219 642 filium,
1239 602 1330 646 quod
1347 602 1402 635 ille
1420 602 1615 646 ingenitus,
1632 602 1690 634 ille

136 649 274 693 genitus
292 646 474 692 dice'retur)
492 649 593 694 plane
610 649 730 688 reiicit,
749 653 781 681 et
797 652 929 692 patrem
947 659 1015 680 11011
1033 648 1224 691 ingenitum
1236 674 1244 688 ,
1269 647 1327 680 sed
1346 651 1478 692 patrem
1496 657 1575 680 cum
1591 657 1690 680 sacra

134 694 304 739 scriptura.
321 693 512 735 dicendum,
532 694 692 728 affirmat.

225 740 248 773 S
274 739 374 773 iritus
399 744 538 774 sanctus
562 740 652 785 patri
674 743 707 772 et
730 739 800 772 filio
825 740 1042 781 coaeternus]
1077 739 1292 782 Augustinus
1317 738 1358 771 de
1381 738 1448 771 fide
1471 741 1506 771 et
1530 739 1688 782 symbolo

134 789 218 819 tom.
234 751 292 819 Ιῖῐ.
309 785 368 820 fol.
390 785 462 818 102.
481 797 553 830 cap.
572 785 632 819 IX.
664 786 813 829 Spiritu-s
833 791 972 818 sanctus
996 797 1056 818 non
1083 786 1122 817 cle
1141 787 1265 817 minore
1283 790 1408 817 natura
1427 796 1525 827 quam
1538 790 1643 828 pater
1660 790 1692 817 et

126 832 222 876 filius
239 837 301 872 est,
326 833 387 864 sed
403 837 438 864 ut
452 833 501 864 ita
519 833 648 871 dicam,
673 831 968 863 consubstantialis
985 836 1017 862 et
1032 835 1243 869 coaeternus,
1269 832 1348 873 quia
1368 832 1433 862 ista
1452 832 1590 862 trinita-s·
1608 841 1691 862 unas

135 883 182 910 est
199 878 288 910 deus.
313 876 398 910 Vide
416 877 532 911 Iohan.
551 877 808 910 Damascenum
826 876 866 909 de
884 876 950 909 fide
969 874 1160 908 orthodoxa
1178 875 1236 908 lib.
1254 875 1278 907 Ι.
1297 886 1325 909 c.
1344 875 1388 909 X.
1408 880 1439 908 et
1457 874 1581 908 XVIII.

166 949 171 952 <
200 921 278 956 Non
295 922 440 956 confusa
457 923 491 955 in
511 933 577 956 una
594 933 741 967 persona
758 922 911 962 trinitas,
929 922 1018 954 sicut
1035 921 1207 954 Sabellius
1225 921 1319 963 dicit]
1360 920 1533 953 Honorius
1551 920 1591 953 de
1608 919 1688 954 hae-

132 979 199 1002 res.
215 967 407 1001 Sabelliani
424 981 520 1001 unani
535 980 715 1012 personam
729 970 844 1011 patris·
858 968 967 1011 etsilt'z'
982 973 1012 998 et
1023 969 1164 1011 spiritns
1177 968 1290 998 sancti
1310 967 1498 999 adstruunt.
1530 966 1689 1000 vincent.

133 1014 302 1048 Lirinens
320 1017 441 1047 0011113
456 1012 583 1046 haeret.
602 1024 630 1046 c.
647 1013 812 1046 XXXIV.
844 1012 1013 1056 Didymus
1031 1011 1285 1045 Alexandrinus
1310 1012 1345 1044 in
1369 1011 1552 1055 epistolam
1574 1010 1645 1046 Ioh.
1663 1010 1688 1044 Ι.

133 1070 162 1093 0.
179 1059 219 1094 V.
245 1059 362 1092 Victor
378 1058 419 1092 de
435 1058 503 1092 fide
520 1057 698 1092 catholica.
725 1057 911 1091 Cassianus
929 1058 969 1091 de
987 1058 1152 1091 incarnat.
1169 1056 1296 1090 Christi
1312 1057 1370 1090 lib.
1385 1056 1409 1089 1.
1435 1057 1583 1101 vigilius
1596 1057 1688 1090 Mar-

133 1109 188 1150 tyr
204 1109 325 1138 0011113
340 1103 520 1148 Eutychen
536 1105 594 1137 lib.
612 1104 637 1137 I.
667 1103 880 1148 Epiphanius
906 1103 1036 1137 haeres.
1053 1103 1159 1136 LXII.
1177 1102 1303 1136 LXIX.
1344 1102 1508 1135 Leontius
1527 1102 1568 1135 de
1586 1103 1688 1136 sectis

132 1162 165 1196 p.
184 1149 262 1184 437.
294 1149 476 1184 Caesarius
501 1149 606 1183 frater
629 1149 789 1182 Nazianz.
808 1149 934 1191 dialog.
953 1149 978 1182 I.
995 1149 1271 1193 Harmenopulus
1290 1148 1330 1180 de
1348 1148 1451 1181 sectis
1469 1159 1501 1192 p.
1520 1146 1596 1181 589.
1627 1147 1688 1181 Isi-

133 1196 236 1230 dorus
254 1196 466 1240 Hispalensis
485 1196 570 1240 orig.
588 1196 646 1229 lib.
665 1194 751 1229 VIII.
770 1206 798 1228 0.
817 1195 856 1229 V.
880 1194 1082 1228 Philastrius
1099 1193 1232 1228 haeres,
1251 1193 1335 1227 LIV.
1361 1192 1478 1227 Iohan.
1496 1192 1689 1227 Monachus

132 1242 168 1275 in
186 1252 319 1275 canone
336 1245 455 1275 contra
473 1252 592 1275 omnes
609 1240 770 1274 haereses
788 1247 870 1273 tom.
891 1240 946 1273 IV.
966 1239 1120 1273 biblioth.
1138 1244 1287 1284 patrum.
1321 1238 1556 1272 Theodoretus
1580 1239 1639 1272 lib.
1658 1239 1689 1272 2.

131 1287 239 1321 fabul.
257 1286 384 1320 haeret.
421 1286 625 1331 Fulgentius
650 1286 691 1319 de
717 1286 782 1319 fide
801 1285 992 1319 orthodoxa
1017 1286 1059 1318 ad
1076 1285 1251 1318 Donatum
1274 1285 1331 1317 fol.
1351 1284 1403 1318 94.
1440 1284 1627 1318 Faustinus
1649 1284 1690 1317 de

132 1332 200 1367 fide
217 1336 336 1366 contra
353 1333 516 1366 Arrianos
534 1332 680 1366 f01.770.
706 1331 868 1365 Baeticus
884 1332 918 1364 in
933 1332 990 1365 lib.
1002 1331 1042 1364 de
1055 1330 1133 1365 fide.
1158 1330 1372 1375 Nicephorus
1384 1329 1546 1363 Callistus
1561 1330 1620 1364 lib.
1632 1329 1688 1363 VI.

133 1390 161 1413 0.
177 1378 292 1413 XXV.
314 1378 384 1412 Leo
402 1377 464 1411 ΡΡ.
482 1389 582 1411 serm.
601 1377 656 1411 lv.
675 1377 714 1410 de
732 1377 916 1410 Nativitate
936 1377 1065 1410 domini
1082 1387 1162 1422 pag.
1180 1375 1233 1410 37.
1265 1376 1469 1409 Ambrosius
1488 1375 1522 1408 in
1540 1376 1688 1419 symbol.

132 1424 366 1470 apostolorum
383 1435 410 1458 c.
429 1423 459 1457 2.

200 1469 251 1504 Ne
277 1481 320 1503 ue
338 1481 374 1503 se
401 1473 496 1503 arata
514 1474 573 1503 aut
591 1470 700 1502 divisa
719 1469 753 1502 in
772 1473 892 1502 natura
913 1468 1073 1501 divinitas
1086 1495 1093 1509 ‚
1111 1472 1149 1501 ut
1167 1468 1284 1500 Arrius
1304 1466 1536 1511 blasphemat]
1563 1466 1688 1500 Procu‹

133 1516 188 1550 lus
205 1515 246 1549 de
288 1515 329 1549 de
347 1526 366 1549 a
407 1516 588 1549 Armenios
605 1515 664 1549 ful.
684 1514 760 1547 413.
789 1514 974 1557 li'nyianms
991 1515 1095 1546 Arrii
1110 1516 1326 1552 rae-saniant,
1350 1515 1407 1556 «sui
1430 1515 1613 1545 trinitatem
1638 1515 1688 1544 in-

133 1561 357 1606 separabilem
375 1561 572 1594 substantiis
590 1562 722 1594 dividit.
762 1560 907 1604 Cyrillus
933 1561 966 1592 in
985 1558 1101 1592 Iohan.
1127 1559 1184 1592 lib.
1204 1558 1275 1592 VII.
1300 1569 1373 1602 cap.
1392 1558 1437 1591 X.
1473 1557 1686 1591 Athanasius

134 1610 217 1641 tom.
238 1607 266 1641 l.
282 1606 342 1641 fol.
359 1607 436 1640 444.
461 1607 502 1640 de
520 1606 688 1640 Incarnat.
713 1605 838 1639 Christi
862 1605 921 1638 fol.
939 1605 1015 1638 490.
1041 1608 1124 1639 orat.
1142 1605 1182 1639 V.
1207 1608 1327 1637 contra
1351 1604 1513 1637 Arrianos
1531 1603 1590 1637 fol.
1609 1602 1687 1637 323.

132 1652 304 1687 Honorius
328 1653 363 1686 111
388 1653 546 1697 catalogo
573 1652 612 1685 de
635 1651 768 1685 haeres.
793 1650 974 1685 Caesarius
998 1650 1125 1695 dialog.
1144 1650 1168 1683 Ι.
1194 1649 1344 1683 Isidorus
1372 1649 1496 1693 origin.
1520 1649 1578 1681 lib.
1596 1648 1686 1683 vm.

133 1709 207 1743 cap.
224 1698 264 1733 V.
287 1697 432 1743 Legatio
449 1698 619 1731 Manuelis
642 1697 726 1742 Imp.
750 1697 793 1730 ad
816 1697 995 1730 Armenios
1020 1706 1099 1741 pag.
1118 1695 1172 1729 57.
1197 1700 1229 1728 et
1247 1694 1300 1728 89.
1326 1694 1538 1739 Epiphanius
1556 1693 1686 1728 haeres.

132 1743 259 1778 LXIX.
283 1744 467 1789 Augustin.
484 1742 616 1777 haeres.
633 1743 687 1777 49.

200 1790 295 1824 Alter
310 1789 346 1824 in
362 1800 507 1835 persona
525 1789 634 1832 filius]
660 1789 786 1822 Contra
803 1787 991 1821 haereticos
1011 1788 1069 1831 qui
1086 1787 1246 1820 dicuntur
1264 1785 1346 1818 κατὰ
1363 1784 1580 1819 Aeschinem.
1606 1785 1687 1818 Ter-

133 1835 298 1870 tullianus
321 1835 580 1881 praescription.
606 1834 768 1868 adversus
792 1833 918 1868 haeret.
946 1843 1018 1878 cap.
1045 1832 1113 1866 LII.
1149 1832 1328 1865 Privatam
1356 1831 1597 1875 blasphemiam
1624 1832 1687 1872 illi,

133 1883 190 1926 qui
199 1887 276 1914 sunt
290 1879 373 1913 κατὰ
390 1881 587 1913 Aeschinem
607 1880 696 1912 lianc
714 1880 845 1919 liabent,
865 1885 898 1911 a!
916 1880 1042 1918 (licant,
1063 1878 1231 1911 Christum
1252 1880 1357 1922 ipsam
1375 1889 1444 1910 esse
1453 1878 1562 1921 filiam
1583 1882 1686 1921 etpa-

134 1933 226 1960 trem.
249 1926 325 1960 Vid.
342 1926 527 1971 Augus-tin.
547 1926 587 1959 de
605 1925 670 1958 fide
689 1930 722 1958 et
739 1926 896 1969 symbolo
915 1935 986 1969 cap.
1004 1924 1067 1958 IX.

200 1971 268 2006 Sed
285 1972 371 2006 alter
383 1972 418 2005 in
432 1982 578 2017 persona
592 1975 699 2016 pater,
713 1971 798 2004 alter
811 1971 845 2003 in
859 1980 1008 2015 persona
1022 1970 1129 2013 filius]
1147 1968 1362 2003 Lombardus
1381 1968 1438 2001 lib.
1448 1967 1472 2001 I.
1484 1967 1634 2001 distinct.
1644 1967 1686 2002 II.

138 2017 320 2052 Teneamws
334 2023 488 2062 patrem,
514 2023 544 2049 et
559 2018 684 2062 sileam,
710 2022 741 2049 vt
761 2019 916 2060 spiritam
939 2021 1107 2056 sanctam,
1132 2027 1226 2047 unum
1254 2026 1322 2047 esse
1347 2015 1556 2047 naturaliter
1579 2015 1684 2047 deum.

133 2064 250 2108 Neque
267 2069 376 2097 tamen
393 2065 500 2107 ipsum
513 2068 647 2107 patrem
667 2074 745 2102 esse,
763 2063 922 2106 qm'fillas
939 2068 1004 2094 ext.-
1023 2073 1080 2093 nec
1097 2062 1200 2101 filium
1217 2063 1324 2105 ipsum
1339 2071 1423 2099 esse,
1443 2061 1499 2103 qui
1510 2064 1616 2103 pater
1629 2065 1686 2099 est,

134 2121 192 2142 nee
214 2111 370 2154 spiritum
387 2114 538 2141 sanc-tum
557 2111 662 2152 ipsam
680 2119 765 2148 esse,
784 2110 840 2151 qui
856 2112 960 2152 pater
977 2108 1139 2151 aatjilc'as
1156 2112 1213 2139 est.
1253 2105 1325 2138 Una
1345 2111 1394 2138 est
1409 2107 1491 2137 enim
1505 2107 1638 2149 patri-9,
1657 2111 1690 2137 et

125 2155 207 2200 filii,
226 2160 258 2187 et
271 2156 412 2199 spiritua
428 2156 543 2186 sancti
559 2156 718 2192 essentia,
744 2166 840 2196 quam
863 2154 992 2186 Graeci
1009 2149 1183 2197 ὁμοούσιον
1202 2152 1395 2196 appellant,
1418 2153 1453 2182 in
1475 2161 1540 2194 qua
1559 2162 1620 2183 non
1640 2156 1688 2182 est

134 2201 232 2234 aliud
271 2205 361 2240 ater,
380 2200 593 2243 ale'udfilius,
613 2199 710 2231 aliud
723 2201 863 2243 spiritu-s·
878 2204 1034 2237 sauctus,-
1052 2200 1201 2242 quami-is
1217 2200 1262 2229 sit
1270 2197 1502 2241 personaliter
1519 2196 1608 2228 alias
1621 2208 1685 2240 pa-

136 2251 200 2287 ter,
218 2258 239 2278 α
256 2246 426 2289 iusfilius,
444 2245 532 2277 alius
548 2247 689 2287 spi-ritus
705 2250 851 2277 :mm-tus.
892 2244 1076 2288 Augustin.
1102 2243 1143 2276 ad
1160 2243 1303 2275 Maxim.
1321 2241 1495 2275 Medicum
1514 2241 1612 2286 epist.
1631 2240 1684 2274 66.

134 2290 174 2325 de
196 2290 366 2336 Tempore
389 2301 489 2324 serm.
506 2289 702 2323 XXXVIII.
734 2290 938 2322 Anastasius
963 2289 1003 2322 de
1022 2288 1243 2331 dogmatibus
1259 2287 1339 2321 fidei
1357 2287 1416 2321 fol.
1437 2286 1512 2320 676.
1544 2286 1685 2319 Tertull.

134 2336 299 2371 adversus
316 2335 485 2369 praxeam
502 2346 576 2380 cap.
596 2335 626 2369 ·2.
652 2335 800 2368 Hilarius
823 2335 879 2368 lib.
902 2335 928 2368 l.
946 2334 987 2368 de
1005 2334 1039 2368 S.
1058 2334 1235 2367 Trinitate.
1269 2332 1471 2366 Vincentius
1495 2331 1684 2365 Lirinensis

134 2382 175 2416 de
191 2381 322 2416 haeres.
339 2392 413 2426 cap.
429 2381 528 2414 XIX.

202 2427 287 2461 alter
303 2427 339 2460 in
354 2437 504 2472 persona
528 2426 668 2471 spiritus
694 2427 849 2469 sanctus]
882 2426 1008 2460 Contra
1025 2424 1189 2459 Urbicum
1206 2424 1446 2464 Potentinum,
1473 2424 1531 2467 qui
1549 2423 1686 2456 dicebat

135 2473 294 2519 spiritum
310 2477 467 2506 sanctum
486 2476 546 2505 aut
562 2483 637 2505 esse
662 2476 793 2517 patrem
818 2476 878 2505 aut
901 2472 1028 2512 filiuni,
1053 2475 1111 2504 aut
1134 2474 1223 2503 certe
1248 2474 1450 2503 creaturam.
1477 2467 1684 2502 Athanasius

133 2518 356 2553 Alexandrin.
375 2518 524 2563 episcop.
542 2521 624 2550 tom.
643 2517 673 2550 ἱ).
690 2517 748 2551 fol.
767 2517 844 2550 417.

201 2563 298 2598 Unus
315 2568 439 2597 natura
456 2563 490 2596 iu
507 2567 627 2596 sancta
643 2563 793 2596 trinitate
811 2563 893 2596 (10115
912 2563 1021 2606 pater]
1067 2562 1174 2594 Autor
1198 2560 1238 2593 de
1261 2560 1328 2593 fide
1346 2560 1389 2593 ad
1406 2559 1545 2593 Petrum
1561 2559 1684 2593 Diaco—

135 2621 219 2644 num
242 2609 332 2655 apud
357 2608 540 2653 Augustin.
565 2613 648 2642 tom.
667 2607 722 2641 111.
747 2619 819 2653 cap.
838 2608 862 2642 I.
880 2608 938 2640 fol.
960 2608 1032 2640 142».
1064 2607 1311 2650 Primipaliter
1336 2611 1433 2648 atque
1457 2605 1685 2638 indubitanter

136 2661 200 2689 toto
217 2656 318 2689 corde
334 2658 449 2694 retine,
461 2659 596 2698 patrem
615 2654 726 2693 deum,
736 2655 844 2697 filium
864 2654 973 2692 deum,
992 2658 1023 2684 et
1035 2654 1189 2697 spiritam
1207 2656 1355 2683 sunctum
1372 2651 1476 2689 deum,
1495 2651 1532 2683 id
1547 2656 1596 2682 est
1606 2662 1683 2682 san-

136 2706 225 2734 ctam
242 2706 340 2745 atque
356 2700 557 2744 ineffabilem
582 2701 764 2731 trinitatem
789 2710 885 2730 unum
903 2710 971 2730 esse
989 2698 1194 2729 naturaliter
1212 2698 1304 2729 deum
1326 2702 1385 2729 etc.
1418 2694 1629 2728 Athanasius
1647 2695 1683 2728 in

135 2746 300 2791 rescripto
318 2745 359 2779 ad
376 2745 550 2779 Liberium
568 2743 629 2776 ΡΡ.
647 2744 706 2777 fol.
725 2742 800 2776 396.
825 2743 1022 2786 HIerouym.
1043 2744 1082 2775 de
1101 2743 1184 2782 illis,
1209 2753 1292 2785 qaae
1316 2742 1375 2773 cleo
1401 2743 1433 2773 in
1450 2740 1483 2773 S.
1501 2743 1684 2784 scripturis

137 2792 337 2825 tribuuntur.
362 2791 458 2825 Toni.
478 2790 536 2824 IX.
560 2789 618 2822 fol.
636 2789 689 2821 (37.
712 2788 870 2822 Nazianz.
896 2789 930 2821 in
957 2787 1091 2820 laudem
1115 2787 1259 2820 lleronis
1290 2790 1373 2820 orat.
1397 2785 1526 2820 XXIII.
1552 2785 1591 2818 de
1616 2785 1683 2818 fide

137 2840 222 2872 orat.
239 2836 366 2871 XLIX.
391 2835 572 2870 Caesarius
590 2834 715 2878 dialog.
737 2835 762 2867 l.
788 2834 1023 2867 Damascenus
1047 2833 1087 2866 de
1111 2832 1178 2866 fide
1197 2831 1388 2865 orthodoxa
1406 2832 1461 2864 lib.
1484 2831 1510 2864 1.
1529 2841 1602 2876 cap.
1619 2831 1681 2864 XI.

137 2881 286 2916 Cerealis
303 2883 484 2934 episcopus
502 2884 620 2914 contra
637 2880 867 2913 Maximinum
884 2879 1065 2912 Attianum
1083 2889 1155 2923 cap.
1170 2877 1210 2911 11.
1225 2877 1356 2911 Psellus
1374 2878 1409 2910 in
1427 2887 1500 2921 cap.
1515 2875 1681 2922 Theolog.

137 2938 211 2974 cap.
227 2927 253 2961 I.
277 2928 492 2973 Augustinus
510 2926 549 2959 de
567 2926 733 2970 Tempore
749 2936 898 2958 sermon.
915 2924 968 2958 38.

204 2972 286 3019 Cap.
302 2972 341 3007 11.
358 2994 402 2998 —
418 2972 495 3006 Non
519 2976 613 3016 pater
637 2981 775 3004 carnem
799 2970 1000 3015 assumpsit]
1034 2968 1159 3002 Contra
1177 2969 1458 3014 Patr-ipasst'anos
1474 2972 1507 3001 et
1523 2967 1682 3002 delirium

138 3018 310 3059 Praxeae,
328 3019 386 3064 qui
399 3018 534 3053 dicebat
556 3021 688 3062 patrem
706 3015 922 3049 descendisse
939 3016 974 3049 in
988 3015 1167 3059 virginem,
1184 3015 1296 3060 ipsum
1314 3025 1356 3048 ex
1368 3025 1408 3047 ea
1421 3020 1550 3055 natum,
1568 3013 1681 3059 ipsum
