2052 3374
670 229 722 255 DE
740 230 975 261 HAERESIBUS
993 236 1115 264 UBER.

1589 254 1663 295 161

119 325 278 363 mentes
299 322 547 381 philosophi,
569 333 725 386 poetae,
749 341 930 379 oratores
952 345 1075 395 atque
1091 342 1426 404 historiographi,
1449 354 1570 395 sicuti
1590 370 1662 397 vo-

117 386 301 443 luerunt,
328 392 381 434 ad
402 408 499 436 suae
519 403 768 452 paganitatis
795 407 1016 450 mendacia
1037 413 1358 471 transtulerunt,
1388 420 1562 476 aliisque
1585 439 1661 466 no-

114 457 296 500 minibus
315 461 440 503 rudes
460 478 682 519 puerorum
703 474 865 515 animos
887 476 1107 521 edocentes
1124 481 1255 535 legem
1279 485 1343 528 (lei
1363 487 1545 531 divinam
1567 493 1659 534 irri-

112 527 199 566 tam
219 528 357 570 seculo
379 530 514 574 facere
535 546 828 595 properarunt,
856 545 1164 602 impietatisque
1194 555 1355 596 semina
1376 558 1419 597 in
1442 572 1541 601 sono
1563 575 1658 603 vcr-

111 591 270 648 borum,
290 597 334 637 in
354 601 597 652 periculosis
620 611 837 651 sententiis
861 614 1177 669 confirmarunt3
1203 634 1376 675 quorum
1398 640 1521 669 causa
1545 630 1656 672 dice-

109 659 181 702 bat
201 667 242 703 et
262 663 452 710 dominus
474 670 585 713 fures
607 678 729 730 atque
752 677 960 722 latronesq
984 697 1053 725 eos
1075 686 1223 742 fuisse,
1251 692 1294 732 in
1317 695 1508 738 omnibus
1532 704 1655 754 atque

107 729 158 771 ab
180 733 372 776 omnibus
394 743 712 791 cognoscendos.

187 798 262 841 Est
280 802 462 847 haeresis
485 821 588 862 quae
615 813 765 854 iterum
785 821 880 870 post
900 818 1094 874 Aquilam
1116 824 1303 880 Triginta
1322 831 1563 878 hominum-2
1585 841 1651 880 in-
1677 845 1743 879 Car·
1764 848 1887 902 ΟΧΡῙῙῙ·

102 868 440 922 terpretationem
455 879 618 933 accipit,
636 894 718 922 non
734 882 899 926 illorum
910 887 1246 936 beatissimorum
1258 897 1529 955 Septuaginta
1547 906 1568 946 (Ἰ
1577 922 1648 949 110-
1676 892 1754 927 (cap‘
1775 894 1934 930 cum)

101 947 206 990 rum,
227 951 332 992 quae
352 942 511 997 integre
531 948 807 1005 inviolateque
831 953 880 994 de
902 958 1087 1001 trinitate
1111 966 1339 1008 sentientes
1358 971 1557 1014 ecclcsiae
1577 991 1645 1017 ca-

99 1003 274 1047 tholicae
295 1008 556 1070 firmamenta
576 1019 807 1061 certissima
827 1024 1088 1069 tradidertmt
1114 1032 1437 1088 interpretantes
1467 1045 1545 1083 scri
1551 1050 1646 1098 ptu-

98 1084 176 1114 ras.
206 1074 283 1116 Isti
303 1079 473 1132 triginta
492 1083 536 1123 in
556 1085 699 1128 multis
720 1089 916 1144 Aquilam
937 1100 1034 1136 sunt
1065 1103 1219 1154 secuti,
1248 1105 1357 1146 uncle
1387 1108 1438 1148 ab
1470 1112 1647 1156 ecclesia

97 1141 297 1186 catholica
323 1150 365 1187 et
390 1149 564 1193 istorum
591 1168 675 1196 non
696 1160 921 1214 suscipitur
946 1164 1255 1224 interpretatio,
1284 1186 1387 1228 quae
1411 1181 1645 1224 continetur

95 1210 137 1250 in
157 1209 274 1254 libris
294 1216 558 1261 authenticis.

174 1278 249 1322 Est
266 1281 450 1327 haeresis
472 1301 576 1342 quae
592 1291 743 1335 iterum
760 1295 842 1338 Sex
862 1300 1044 1344 virorum
1064 1305 1475 1362 interpretationem³
1495 1324 1639 1372 postea
1666 1326 1732 1359 0³1³·
1757 1328 1875 1383 CUXUUV·

91 1346 244 1390 editam
263 1351 353 1393 vult
368 1357 498 1409 sequi,
519 1371 601 1400 non
626 1360 789 1405 illorum
804 1368 988 1420 priorum
1006 1371 1348 1434 ¹sanctorumque
1367 1382 1639 1442 Septuaginta
1664 1372 1743 1407 (ῥῖψ’
1763 1375 1855 1410 QL')

91 1413 278 1473 duorum,
299 1423 341 1461 et
361 1436 455 1465 cum
478 1424 645 1470 decreta
665 1433 934 1491 consultaque
952 1438 1223 1498 Septuaginta
1248 1447 1421 1493 duorum
1437 1454 1529 1496 aliis
1546 1472 1635 1499 1110-

180 1576 261 1624 Cap.
281 1578 428 1617 CXLIII.
460 1586 496 1617 in
513 1586 586 1621 abc.
611 1590 810 1636 inscriptum
828 1601 876 1628 est
889 1595 1062 1635 Haanasrs
1082 1601 1233 1646 (ALTERA
1253 1609 1351 1642 addit
1363 1611 1408 1656 ὸ.)
1426 1625 1471 1647 Dr:
1490 1627 1634 1653 sarru-

90 1630 194 1656 Gm'ra
210 1635 493 1664 rnrnnpnn'rmvs.

127 1930 160 1966 q.
182 1921 276 1958 fures
303 1929 405 1972 atque
428 1927 594 1975 latrones]
634 1932 705 1968 Ioh.
722 1935 767 1971 X.
785 1936 815 1972 8.

83 1965 222 2010 (Fabr)
933 1942 1015 1989 Cap.
1033 1945 1180 1982 CXLIV.
1198 1970 1240 1975 —
1265 1963 1294 1988 a.
1314 1954 1384 1989 Sex
1408 1959 1557 1995 virorum
1576 1963 1625 1996 iu-

126 2011 208 2058 Gap.
231 2014 380 2053 CXLIH.
404 2040 447 2045 —
482 2032 512 2055 a.
537 2023 680 2069 triginta
707 2026 815 2062 homi-

81 2060 178 2102 num]
213 2060 472 2099 Verisimiflima
493 2068 579 2102 mihi
602 2071 735 2106 videtur
757 2075 815 2108 do-

18 2128 19 2133 ,
80 2102 223 2139 ctissimi
242 2107 308 2141 viri
321 2109 500 2146 Humfredi
516 2114 615 2160 Hody
631 2121 812 2162 sententia,

80 2149 138 2193 qm'
151 2159 184 2195 p.
202 2150 277 2186 632.
300 2156 412 2199 operis
429 2157 470 2190 de
490 2157 613 2194 Bibliis
631 2162 812 2200 0110111311-

78 2192 142 2228 bus
165 2201 265 2232 acute
288 2201 426 2235 coniicit
447 2213 509 2248 per
534 2206 677 2251 triginta
729 2212 812 2244 omi-

77 2247 159 2274 num
185 2242 502 2290 interpretationem
528 2253 626 2295 tangi
654 2263 675 2286 a
700 2254 812 2290 Phila-

76 2285 158 2319 strio
173 2287 357 2325 editionem
371 2292 521 2329 Graecae
534 2296 723 2334 Bibliorum
737 2312 809 2335 ver-

76 2329 181 2365 sionis
206 2344 310 2378 quam
338 2341 511 2374 recensuit
534 2343 615 2376 olim
637 2344 808 2382 Lucianus

75 2377 499 2427 presbyterAntiochenus‚
533 2399 664 2434 uaeque
677 2391 710 2424 in
720 2403 808 2426 mar-

101 2421 108 2428 '
135 2422 212 2457 ibus
256 2425 422 2463 Codicum
472 2433 509 2466 M
527 2433 571 2466 ¹8.
617 2434 807 2472 Bibliorum

123 2477 281 2505 aecorum
312 2484 374 2519 per
410 2476 558 2512 litteram
591 2479 755 2516 Graecam
780 2487 804 2517 Λ

75 2511 127 2554 [ut
145 2513 180 2547 in
203 2516 319 2552 codice
341 2519 589 2566 Prophetarum
613 2527 672 2570 qui
696 2532 748 2561 est
769 2530 803 2563 in

72 2555 278 2596 bibliotheca
312 2564 518 2602 Iesuitarum
556 2569 659 2606 Paris
720 2574 804 2609 Vide

71 2599 164 2639 Rich.
187 2605 308 2643 Simon
323 2609 412 2645 Bibl.
436 2612 515 2647 Crit.
533 2618 614 2649 tom.
632 2617 656 2651 Ι.
674 2629 705 2662 p.
727 2619 802 2655 181.

70 2644 131 2681 ma
140 2659 222 2685 vero
234 2658 318 2688 nota
326 2666 397 2690 non
405 2656 577 2694 Lucianus
591 2662 800 2707 designatur,

70 2693 129 2726 sod
145 2693 174 2727 ot
189 2695 307 2741 λοιποὶ,
323 2703 427 2736 ceteri
439 2704 650 2750 interpretes.
676 2709 712 2742 V.
728 2721 802 2744 eru-

70 2735 176 2776 diuus.
198 2742 437 2782 Montfauconi
457 2749 566 2785 Praef.
589 2753 630 2785 ad
647 2753 801 2800 Hexapla

70 2781 160 2830 orig.
186 2797 221 2840 p.
245 2788 315 2834 66.]
347 2792 537 2837 denotatur,
570 2809 657 2842 quae
688 2800 801 2835 littera

69 2831 294 2868 mmmfialis
306 2837 353 2870 sit
362 2841 512 2874 nominis
525 2841 676 2883 Luciani,
694 2847 796 2880 etiam

67 2875 155 2953 aud
172 2876 321 2915 Graecos
335 2888 419 2917 nota
433 2890 486 2919 est
505 2890 637 2922 numeri
654 2891 796 2925 tricena-

138 2919 189 2955 De
202 2923 263 2958 illa
272 2925 414 2963 Luciani
426 2931 583 2974 editione,
600 2935 696 2969 cuius
713 2947 795 2971 usus

66 2960 168 3010 lungo
177 2967 312 3016 lateque
348 2976 443 3016 amit,
456 2977 533 3011 vide
546 2980 576 3012 si
586 2980 794 3025 placetquae

66 3012 179 3046 limavi
193 3013 251 3049 lib.
267 3015 299 3050 3.
316 2983 404 3053 gibl.
420 3021 572 3057 Graecae
585 3036 613 3059 c.
631 3026 679 3060 13.
694 3029 723 3070 ξ.
742 3029 790 3063 14.

65 3054 171 3092 alib.
185 3057 219 3092 5.
233 3070 264 3096 c.
283 3062 312 3097 1.
327 3074 360 3108 p.
377 3065 454 3101 278.
500 3069 577 3111 (F.)

886 1988 1180 2038 terpretatiOnem]
1215 1997 1327 2033 Simili
1358 2001 1626 2042 hallucinatione

883 2031 1083 2071 Philastrius
1113 2050 1175 2074 sex
1199 2044 1350 2080 virorum
1373 2049 1623 2095 inteipretatio-

883 2089 962 2113 nem
975 2084 1124 2128 appellat
1137 2097 1224 2131 quae
1237 2090 1271 2123 in
1285 2095 1500 2138 marginibus
1510 2099 1622 2133 Hexa—

880 2125 1015 2168 plorum
1041 2128 1345 2179 Origenianorum‚
1370 2141 1422 2173 vel
1450 2147 1553 2186 κοινῆς
1578 2148 1620 2179 ab

882 2168 1029 2215 Origene
1052 2179 1240 2212 recensitae
1263 2187 1382 2217 notata
1402 2186 1467 2220 fuit
1491 2200 1550 2233 per
1567 2192 1620 2224 lit-

881 2219 970 2250 teras
988 2230 1035 2251 στ.
1065 2221 1272 2267 Intelligitur
1289 2233 1404 2264 autem
1428 2240 1543 2273 sexta,
1571 2249 1619 2270 re-

879 2265 975 2304 perta
1001 2266 1044 2299 ab
1069 2266 1216 2313 Origene
1244 2272 1401 2320 Nicopoli
1429 2278 1462 2311 in
1493 2281 1618 2316 Actaeo

879 2306 1009 2353 littore,
1035 2322 1122 2356 quae
1146 2316 1315 2359 allegatur
1339 2322 1381 2355 ab
1405 2322 1554 2359 Eusebio
1583 2329 1614 2361 in

876 2350 1032 2389 Psalmos
1048 2368 1081 2402 p.
1095 2359 1170 2394 521.
1196 2361 1291 2397 1113111
1307 2367 1365 2399 3111
1385 2369 1537 2412 quintam
1557 2385 1614 2418 ap-

877 2399 1021 2442 pellant,
1047 2405 1171 2448 quibus
1194 2419 1252 2452 pro
1278 2416 1376 2445 sexta
1399 2412 1544 2450 habetur
1565 2431 1612 2451 re-

874 2448 972 2486 perta
986 2447 1021 2480 in
1038 2448 1137 2483 dolijs
1161 2453 1204 2485 ab
1225 2455 1345 2489 eodem
1363 2457 1510 2503 Origene
1537 2463 1612 2497 leri-

874 2487 1008 2526 chunte.
1028 2493 1094 2527 Sed
1103 2494 1188 2530 haec
1204 2499 1253 2539 (de
1268 2502 1544 2544 quaPhilastrius
1561 2510 1610 2542 in-

873 2532 926 2567 fra
938 2546 964 2569 c.
978 2537 1068 2582 142.)
1085 2542 1206 2585 quinta
1221 2551 1272 2578 est
1288 2547 1488 2593 Epiphanio,
1505 2546 1609 2588 Atffa-

872 2581 968 2614 nasio
989 2583 1025 2616 in
1043 2584 1206 2632 Synopsi,
1231 2590 1372 2637 Iosepho
1393 2596 1606 2642 Ilypomnes-

871 2625 927 2658 tici
948 2629 1120 2674 scriptori,
1139 2633 1322 2680 Euthymio
1339 2643 1400 2674 etc.
1441 2642 1466 2674 E
1488 2645 1607 2688 quinta

869 2671 999 2713 profert
1013 2677 1181 2744 quaedam
1206 2680 1374 2718 Eusebius
1399 2687 1433 2719 in
1450 2687 1604 2725 I‘sahnos

869 2726 902 2758 p.
921 2716 972 2750 73.
991 2719 1044 2754 9-.
1063 2722 1114 2756 94.
1135 2724 1207 2760 106.
1228 2727 1300 2761 139.
1322 2730 1393 2764 148.
1412 2736 1446 2765 et
1462 2735 1536 2767 aliis
1556 2737 1602 2769 10-

869 2761 917 2794 cis
934 2773 1037 2807 quam
1064 2767 1207 2812 lurimis,
1231 2776 1262 2805 et
1278 2785 1310 2818 p.
1328 2775 1414 2817 597„
1432 2779 1489 2812 ubi
1506 2786 1602 2814 notat

867 2816 943 2840 eam
954 2808 1033 2843 DL
1057 2838 1063 2844 .
1082 2812 1324 2860 Interpretibus
1334 2823 1492 2857 accedere
1509 2838 1548 2859 eo
1567 2828 1598 2860 111

866 2850 951 2894 loco,
974 2856 1033 2889 ubi
1050 2857 1173 2902 Aquila
1190 2866 1222 2895 et
1239 2863 1466 2908 Symmachus
1487 2872 1528 2903 ad
1545 2872 1598 2905 lu-

866 2895 996 2933 (laicam
1027 2906 1231 2940 sententiam
1253 2913 1393 2955 propius
1423 2920 1519 2948 crant
1547 2918 1597 2950 in—

863 2944 1046 2987 terpretati.
1072 2947 1181 2984 Etiam
1203 2952 1236 2987 S.
1254 2955 1452 2992 Ambrosius
1470 2961 1503 2993 iu
1521 2961 1595 2998 loco

860 2985 994 3023 Michae
1032 2993 1186 3037 quintam
1224 3001 1439 3037 traditionem
1478 3005 1596 3042 laudat

859 3034 1003 3111 epistola
1016 3037 1068 3072 70.
1084 3039 1123 3074 T.
1136 3041 1167 3075 3.
1185 3043 1263 3080 edit.
1280 3057 1387 3081 novae
1401 3061 1480 3095 pag.
1499 3052 1591 3088 1065.

856 3079 875 3115 (
906 3081 996 3122 abr.)

1286 3148 1322 3182 11
