2052 3342
1082 227 1278 254 Pmlms'rm

408 236 487 278 130

410 338 601 380 Graeciab
623 337 749 377 fuisse
772 337 865 390 post
884 332 1084 375 diluvium
1104 331 1315 382 adserunt,
1337 333 1379 370 et
1394 329 1502 383 quod
1519 332 1582 370 est
1596 325 1943 382 temporalitatise

408 410 449 450 in
472 407 704 462 paganitate
729 404 965 449 vanissima,
987 402 1037 442 ab
1060 403 1118 441 eis
1142 399 1253 440 velut,
1273 399 1488 452 antiquum
1510 411 1602 438 cum
1623 395 1751 437 multo
1773 393 1945 436 menda·

411 478 470 518 cio
494 474 762 530 praedicatur.
802 472 852 513 Et
872 471 978 525 quod
1002 471 1155 510 sactum
1177 472 1240 508 est
1263 469 1300 507 in
1325 465 1539 506 Thessalia
1559 465 1647 506 loco
1671 465 1809 515 brevi,
1836 461 1947 504 velut

411 543 739 596 sactumubiquo,
762 540 801 581 id
815 541 928 580 estin
949 539 1082 580 ‘'¹omni
1097 536 1264 587 mundo,
1286 550 1309 574 a
1331 535 1498 589 paganis
1517 533 1723 574 furacibus
1742 531 1947 572 edocetur.

412 612 543 662 Quodfi
563 612 639 652 suit
659 609 823 664 quidem
842 614 1076 663 postannos
1096 607 1135 646 in
1157 602 1411 653 'l‘hessalia‘¹‚
1432 601 1497 642 Tin
1517 601 1603 643 loco
1624 601 1843 642 inferctum
1860 612 1948 639 mo-

411 681 546 732 ‹lit-0⁰,
576 679 674 720 illud
704 683 841 719 autem
864 676 1062 717 diluvium
1093 676 1132 714 in
1163 674 1272 714 omni
1303 669 1459 712 seculus
1480 670 1633 711 factum
1661 673 1747 721 est,
1775 669 1884 709 sicut.
1910 669 1952 706 et

411 764 551 792 eorum
574 750 803 802 scriptura*
824 749 998 786 testatur
1018 741 1245 793 gentilium.

498 818 590 859 Alia
611 823 671 857 est
695 816 876 857 haeresis
899 827 1001 867 quae
1025 812 1124 852 (licit.
1145 809 1373 850 secundum
1394 807 1465 848 Xll
1498 806 1659 848 1201113ὃ
1681 805 1795 846 nasci
1818 803 1950 844 homi-

180 898 245 927 (·:w-
265 894 388 944 (NNJIL
415 888 528 939 nes¹'‚
549 888 656 927 sicut
675 883 957 926 mathematici
980 880 1036 921 illi
1062 879 1272 920 vanissimi
1287 884 1299 900 ⁰
1321 877 1528 928 totiusque
1551 875 1700 915 erroris
1722 877 1764 914 et
1783 871 1952 913 sceleris

193 943 268 974 ‘sm
289 941 380 971 “u''
416 956 667 1007 adsertores,
689 954 869 1006 haecque
893 949 1107 990 audientes
1131 946 1336 987 interdum
1360 943 1512 984 indocti
1536 956 1660 997 quam
1680 940 1847 996 plurimi
1867 938 1954 991 lege

416 1026 481 1066 (lei
504 1023 700 1066 dimissa⁴¹
722 1020 1109 1063 mathematicorum
1139 1015 1337 1055 inservire
1366 1026 1446 1053 non
1477 1010 1668 1052 dubitant
1688 1007 1956 1057 vanitatibus,

416 1093 523 1136 unde
541 1091 768 1147 completur
784 1087 1009 1143 apostolica
1026 1085 1273 1125 sementim:
1302 1082 1525 1123 (lolam-unt
1540 1087 1577 1120 et
1590 1079 1821 1120 servierunt
1841 1089 1956 1117 crea-

417 1171 536 1204 turae
552 1162 692 1216 potin-5
715 1173 842 1214 quam
871 1156 1065 1201 cremori,-
1092 1157 1133 1193 et
1159 1149 1345 1192 iterums:
1388 1148 1523 1190 Videte
1549 1162 1599 1188 ne
1629 1148 1721 1202 quie
1747 1159 1818 1187 vos
1847 1144 1956 1185 deci-

412 1234 507 1287 piat
528 1245 606 1286 per
632 1225 935 1284 philosophiam
963 1230 999 1264 et
1027 1224 1192 1263 inanem
1219 1219 1468 1274 fallaciam,
1505 1215 1731 1257 secundum
1765 1213 1957 1255 elementa

508 1343 539 1376 5.
558 1342 650 1376 omui
667 1339 794 1374 inundo
815 1338 856 1371 Α.
876 1336 969 1370 omni
987 1348 1045 1369 0111.
1065 1334 1138 1368 ahc,
1210 1332 1239 1364 (ἰ.
1258 1330 1323 1364 fuit
1340 1344 1367 1363 c.
1384 1330 1424 1363 fit
1440 1330 1568 1373 reliqui.
1639 1327 1669 1360 7.
1692 1325 1875 1360 inferctum
1891 1335 1959 1368 eqo.

420 1391 506 1424 inter
524 1391 643 1422 oetam
661 1392 691 1419 et
711 1384 855 1418 Pindum
878 1383 1058 1415 Fabricius
1074 1378 1245 1413 interdum
1263 1377 1343 1409 lc'brz'
1359 1387 1476 1409 omnes.

510 1435 591 1479 Cap.
609 1431 765 1466 CXXlll.
792 1433 823 1461 in
842 1429 915 1462 ube.
942 1429 1137 1470 ius-criptum
1162 1431 1210 1457 est
1232 1422 1284 1456 De
1309 1432 1419 1455 sumis
1442 1429 1585 1454 zooram
1609 1430 1651 1452 1ςί-
1676 1429 1765 1453 οιιτν
1789 1427 1961 1452 noumvu.

422 1501 463 1506 ——
491 1482 517 1514 l.
536 1479 642 1514 zodia
659 1477 752 1511 nasci
772 1476 799 1507 A
811 1475 848 1508 B.
867 1472 1006 1508 Zodiaci
1023 1472 1123 1516 signa
1141 1471 1170 1504 b.
1193 1467 1331 1504 zodiaci
1355 1467 1456 1512 signa
1472 1465 1569 1500 nasci
1586 1477 1638 1498 ac.

466 1573 498 1605 b.
524 1581 638 1605 arcam
661 1569 753 1602 velut
776 1568 810 1600 in
830 1565 986 1607 Graecia]
1012 1564 1159 1597 Haeren-

421 1624 490 1652 tem
513 1618 546 1651 in
570 1621 685 1650 moute
708 1614 885 1646 Parnasso.
926 1610 1009 1643 Vide
1031 1609 1160 1643 Plutar-

422 1665 524 1697 chum
556 1663 596 1696 de
621 1660 779 1695 Sollertia
802 1657 1011 1691 Animalium
1034 1667 1065 1699 p.
1083 1654 1159 1687 968.

423 1711 614 1744 Lucianum
632 1707 671 1740 de
690 1706 761 1739 Dea
775 1703 873 1748 Syria
890 1703 928 1736 T.
943 1702 971 1734 2.
990 1711 1069 1745 pag.
1084 1700 1158 1732 (3131.

446 1756 565 1795 Fidum)

425 1760 440 1797 (
470 1813 499 1835 c.
518 1799 608 1844 quod
622 1793 955 1840 esttemporalitatis]
971 1792 1067 1833 Quod
1081 1796 1159 1825 ante

426 1858 492 1880 non
513 1845 595 1878 adeo
614 1844 722 1877 multa
739 1840 876 1874 saecula
893 1839 1054 1882 contigit,
1073 1837 1159 1871 circa

427 1903 456 1926 a.
479 1891 573 1924 1:314.
598 1893 676 1922 ante
699 1892 816 1921 natum
838 1884 1027 1918 Christum:
1054 1883 1158 1915 octin-

428 1937 540 1979 gentis
565 1935 711 1979 amplius
736 1937 813 1977 post
837 1930 1001 1963 diluvium
1027 1940 1047 1962 a
1063 1929 1160 1962 Mose

428 1983 635 2026 descriptum
652 1979 761 2012 annis.
790 1977 874 2010 Vide
892 1976 1105 2019 Scaligerum
1123 1973 1163 2006 ad

427 2027 569 2063 Eusebii
584 2036 678 2059 nuni.
697 2022 882 2057 CCCGXC.
931 2021 1002 2062 (F.)

475 2074 506 2107 d.
532 2071 629 2112 Quod
653 2071 718 2103 fuit
743 2068 879 2113 quidem
903 2070 979 2111 post
997 2077 1105 2099 annos
1130 2065 1165 2098 in

428 2116 619 2161 Thessalia]
627 2115 758 2149 Priores
769 2114 932 2148 editiones
942 2112 1054 2146 minus
1063 2111 1164 2145 bene:

430 2165 576 2209 quodfit.
623 2161 698 2202 (F.)

476 2221 504 2243 e.
529 2209 565 2242 111
584 2206 678 2241 0111111
692 2205 862 2239 interdum
878 2203 1028 2245 modico]
1066 2202 1168 2236 Ponit

431 2255 595 2288 interdum
618 2263 679 2297 pro
698 2254 845 2290 interea,
862 2253 900 2283 ut
922 2248 1052 2282 Seneca
1068 2248 1166 2292 epist.

432 2300 487 2335 95.
504 2301 581 2344 „qui
592 2299 730 2331 humani
743 2298 875 2340 yeuerc's
891 2296 1025 2327 tutelam,
1037 2299 1167 2337 flerunt,

433 2347 598 2378 interclmn
615 2344 740 2377 curiosi
754 2340 988 2384 sinyulorum.⁷’
1024 2339 1062 2373 Si
1077 2338 1167 2372 MSti

434 2391 568 2425 codices
598 2388 885 2431 suffragarentur,
914 2396 974 2429 pro
1004 2386 1167 2418 interdum

432 2438 584 2481 legerem
600 2438 688 2468 inter
708 2434 822 2466 Oetam
839 2437 870 2464 et
884 2430 1037 2464 Pindum.
1093 2429 1167 2471 (F.)

479 2482 504 2517 f.
529 2482 565 2515 in
582 2480 678 2514 omni
693 2478 822 2519 seculo]
848 2476 911 2510 Per
922 2479 1032 2509 totum
1050 2475 1168 2509 orbem

436 2535 613 2561 terrarum.
632 2525 689 2559 Sic
698 2524 786 2557 infra
799 2522 907 2566 capite
920 2520 992 2554 120.
1008 2526 1170 2564 „quatuor

438 2574 572 2617 anyulis
588 2569 726 2610 seculc'”,
743 2569 777 2602 id
794 2571 844 2601 est
860 2566 987 2600 mundi.
1035 2566 1110 2607 (F.)

482 2629 516 2663 g.
533 2618 620 2651 sicut
635 2612 676 2650 et'
685 2625 801 2648 eorum
815 2613 993 2657 scriptura]
1021 2610 1171 2645 Gentiles

438 2665 560 2710 poetae
575 2662 636 2696 ubi
651 2660 817 2694 diluvium
832 2657 1100 2692 Deucalioneum
1117 2657 1171 2691 de-

439 2710 601 2749 scribunt,
618 2706 700 2740 issud
714 2709 785 2739 toto
800 2705 880 2738 orbe
894 2708 1061 2738 terrarum
1077 2702 1173 2736 aiunt

440 2753 683 2801 praevaluisse.
714 2752 832 2784 Omnia
844 2755 966 2794 pontus
983 2754 1095 2788 erant,
1119 2749 1172 2781 de-

442 2807 540 2835 erant
553 2811 677 2844 quoque
691 2798 806 2829 littora
818 2801 931 2840 ponto.
979 2793 1054 2835 (F.)

502 2845 584 2891 Cap.
602 2841 758 2878 CXXIII.
776 2863 819 2866 —
849 2852 879 2874 a.
909 2839 1022 2882 zodia]
1052 2838 1172 2871 Ζώδιον

442 2894 582 2937 signum
596 2889 742 2923 caeleste
758 2887 846 2920 dixit
855 2885 1056 2920 Philastrius
1072 2883 1175 2918 Grae-

443 2949 484 2972 ca
499 2947 594 2980 voce,
610 2934 730 2969 eodem
741 2932 843 2966 modo
861 2943 927 2977 quo
941 2940 1046 2976 supra
1061 2940 1089 2963 c.
1101 2929 1174 2963 109.

443 2994 569 3018 nomen
591 2980 674 3015 idoli
694 2990 715 3013 a
739 2978 870 3012 Graeca
883 2975 1087 3011 formatione
1108 2978 1176 3008 tra-

442 3029 504 3071 hit,
521 3027 620 3073 quasi
635 3026 680 3060 sit
694 3023 796 3062 εἴδους
813 3022 919 3064 δόλος,
934 3022 1064 3057 formae
1079 3031 1176 3065 prae·

445 3074 618 3115 varicatio,
633 3075 672 3107 ut
686 3070 788 3107 etiam
805 3067 940 3114 cap.85.
954 3067 1174 3106 biothanatos,

1229 1564 1263 1593 et
1279 1570 1307 1592 e.
1329 1558 1400 1592 103.
1419 1559 1586 1603 poyonias
1607 1559 1725 1596 vocat3
1746 1554 1816 1588 imo
1841 1565 1870 1587 e.
1891 1552 1963 1587 129.

1229 1604 1331 1638 habet
1350 1616 1438 1646 „ana
1456 1602 1675 1648 septuaginta
1691 1600 1796 1641 duo‚’'
1814 1598 1905 1645 quod
1930 1598 1964 1632 in

1228 1651 1349 1685 Latino
1367 1649 1531 1694 scriptore
1547 1646 1745 1681 incredibile
1758 1645 1904 1679 fortasse
1917 1644 1966 1677 vi-

1228 1696 1298 1729 deri
1322 1706 1424 1740 posse
1455 1695 1503 1728 ait
1528 1693 1703 1727 Fabricius
1731 1691 1852 1725 eodem
1879 1691 1965 1723 loco.

1228 1740 1417 1786 (Galeard.)
1453 1739 1503 1774 Cf.
1527 1739 1673 1773 Salmas.
1703 1737 1744 1771 de
1767 1737 1874 1771 Annis
1900 1735 1965 1769 Cli-

1227 1792 1366 1822 maeter.
1383 1798 1415 1831 p.
1432 1785 1462 1819 Γ).

1285 1844 1316 1876 b.
1350 1842 1537 1877 secundum
1568 1840 1634 1875 XII
1664 1840 1762 1883 zodia
1785 1839 1881 1873 nasci
1908 1837 1966 1872 ho-

1229 1890 1355 1932 mines]
1384 1889 1586 1933 Longaevos
1610 1887 1662 1920 vel
1679 1886 1791 1920 brevis
1810 1884 1895 1926 aevi,
1919 1883 1967 1917 fe·

1229 1936 1310 1969 lices
1339 1935 1393 1968 vel
1420 1934 1590 1974 infelices,
1622 1935 1724 1978 prout
1758 1930 1968 1975 horoscopus

1233 1980 1395 2015 thematis
1416 1979 1564 2013 natalitii
1586 1978 1623 2011 in
1647 1977 1794 2022 gradum
1809 1975 1900 2010 hunc
1915 1975 1970 2010 vel

1234 2028 1331 2060 illum
1355 2025 1484 2060 zodiaci
1506 2023 1670 2058 inciderit.
1692 2022 1812 2056 Praeci
1835 2032 1879 2055 ue
1892 2020 1969 2055 Phi-

1234 2072 1343 2106 lastrii
1363 2082 1446 2105 aevo
1468 2070 1644 2103 stellarum
1665 2068 1796 2102 viribus
1843 2076 1970 2101 umana

1235 2117 1403 2161 adstringi
1425 2116 1654 2162 opinabantur
1679 2112 1970 2153 priscillianistae,

1235 2168 1272 2198 ut
1284 2166 1417 2198 constat
1436 2173 1454 2195 e
1471 2161 1595 2195 Leonis
1613 2159 1734 2204 Magni
1751 2158 1897 2205 epistola
1919 2157 1970 2192 15.

1236 2209 1320 2253 (93.)
1345 2209 1388 2242 ad
1411 2207 1601 2242 Turibium.
1641 2205 1717 2246 (F.)

1280 2277 1310 2301 c.
1329 2263 1562 2300 mathematici
1574 2262 1624 2296 illi
1637 2261 1832 2304 vanissimi]
1853 2260 1971 2295 Astro-

1235 2312 1307 2356 logi
1330 2309 1544 2356 genethliaci.
1583 2307 1668 2342 Vide
1691 2307 1722 2341 si
1750 2307 1863 2353 placet
1907 2316 1972 2339 uae

1236 2355 1418 2445 pffffssfd
1442 2355 1588 2389 Sextum
1612 2352 1821 2399 Empiricum
1845 2363 1878 2398 p.
1921 2351 1970 2385 14.

1281 2459 1314 2493 d.
1329 2459 1406 2504 lege
1423 2457 1478 2492 dei
1493 2456 1648 2499 dimissa]
1680 2455 1776 2497 Quae
1792 2453 1972 2488 divinatio-

1237 2516 1297 2539 nes
1315 2503 1482 2538 eiusmodi
1496 2501 1653 2547 prohibet
1673 2500 1781 2536 Levit.
1796 2499 1878 2534 XX.
1892 2499 1924 2533 6.
1941 2502 1974 2533 et

1238 2551 1292 2585 27.
1330 2550 1466 2584 Denter.
1481 2547 1608 2583 XVIII.
1627 2546 1678 2582 10.
1699 2545 1786 2581 Iesa.
1809 2544 1895 2581 VIII.
1920 2543 1972 2579 19.

1240 2596 1290 2637 (F
1289 2596 1379 2637 abr.)

1284 2653 1313 2675 e.
1337 2639 1525 2686 apostolica
1540 2638 1726 2682 sententia]
1758 2637 1859 2672 Rom.
1875 2635 1901 2671 Ι.
1919 2634 1972 2670 25.

1242 2684 1478 2745 »Ἔλὰτξευσαν
1515 2686 1554 2730 τῇ
1576 2683 1675 2717 κτίσει
1705 2682 1794 2728 παρὰ
1822 2681 1879 2716 τὸν
1910 2680 1973 2715 κτί-

1243 2732 1363 2766 σαντα]
1421 2731 1494 2773 (F.)

1286 2790 1309 2824 f.
1334 2793 1368 2825 et
1382 2788 1519 2830 iterum]
1553 2786 1683 2821 Coloss.
1699 2784 1741 2819 H.
1759 2785 1790 2819 9.
1817 2783 1974 2828 »Βλέπετε

1244 2836 1288 2880 μή
1304 2847 1349 2874 τις
1370 2833 1387 2868 ὑ
1415 2834 1450 2872 ᾶς
1473 2830 1560 2865 ἔσται
1584 2830 1601 2864 ὁ
1624 2830 1830 2876 συλαγωγῶν
1853 2829 1905 2864 διὰ
1919 2831 1974 2873 τῆς

1244 2880 1433 2925 φιλοσοφιας
1460 2877 1512 2911 καὶ
1537 2878 1626 2919 κενῆς
1653 2875 1776 2919 ἀπάτης
1809 2875 1892 2910 κατὰ
1918 2873 1974 2918 τὴν

1244 2924 1419 2971 παράδοσιν
1442 2924 1506 2957 τῶν
1531 2921 1709 2967 ἀνθρώπων
1732 2920 1814 2955 κατὰ
1835 2919 1875 2954 τὰ
1891 2931 1974 2954 στοι-

1269 2973 1317 3005 έῖα
1329 2973 1386 3004 τοῦ
1403 2970 1527 3014 κόσμου
1544 2967 1597 3001 καὶ
1613 2966 1650 3000 οὐ
1667 2965 1788 3002 κατὰΧ
1812 2965 1910 3011 ιστὸν,
1927 2963 1974 2998 ὅτι

1259 3029 1275 3050 ν
1299 3016 1389 3062 αὐτῷ
1412 3015 1552 3049 κατοικεῖ
1575 3013 1638 3046 πᾶν
1669 3012 1706 3046 τὸ
1731 3012 1777 3046 πλ
1801 3024 1897 3058 ρωμα
1918 3012 1973 3053 τῆς
2003 3012 2005 3014 ’

1242 3063 1392 3105 θεότητος
1407 3058 1632 3105 σωματικῶς.”
1676 3058 1754 3101 (F.)
