2052 3342
156 330 220 362 Cap.
240 329 334 355 xclx.

1022 189 1220 216 PmLAS'rRI

359 196 411 237 96

442 297 534 338 Alia
555 299 619 336 est
637 293 820 335 haeresis
849 305 951 347 quae
974 292 1074 334 dicit
1094 292 1271 334 hominis
1293 292 1473 332 animam
1493 304 1576 332 non
1596 291 1748 332 factam
1769 303 1793 331 a
1813 289 1888 331 deo

360 365 445 406 lita
465 364 660 420 appellari
682 363 876 413 animam,
907 361 979 402 sed
1001 365 1117 413 ante,
1143 361 1291 414 inquit,
1312 359 1547 400 intellectus
1567 358 1829 410 vocabaturb,
1850 361 1892 398 et

359 439 446 474 erat
468 435 507 473 in
531 431 662 472 caelo:
685 434 829 485 postea
854 434 1013 481 autem,
1041 430 1137 482 quia
1166 432 1331 469 terrena
1357 427 1623 480 desideravit,
1649 426 1890 469 discessisse

359 515 449 541 eam
472 501 520 541 (10
543 498 675 550 03010,
697 503 738 539 et
755 511 803 538 ex
826 511 871 538 00
889 511 979 538 eam
995 498 1174 538 animam
1191 500 1471 551 nuncupatam
1487 495 1752 546 arbitrantur,
1773 482 1890 547 igno-

359 575 496 610 rantes
519 567 626 621 quod
648 568 689 607 in
711 567 912 621 principio
934 566 1044 606 facta
1063 579 1087 605 a
1109 565 1183 606 deo
1206 569 1248 605 et
1279 569 1416 606 creata
1440 568 1536 619 post
1562 563 1727 617 angelos
1756 563 1893 602 anima

359 643 421 678 est
441 635 648 691 appellata
668 650 691 675 a
712 634 898 686 domino,
929 634 1086 687 hocque
1116 647 1265 674 nomen
1292 633 1552 687 proprietatis
1581 633 1739 686 accepit
1759 644 1783 671 a
1803 630 1893 682 deo,

358 711 403 746 ut
419 706 571 756 anima,
588 718 670 744 non
687 702 921 743 intellectus
938 705 1166 754 vocaretur,
1188 702 1351 742 dicente
1368 701 1611 755 scripturae:
1633 699 1791 741 Anima
1808 699 1893 738 eius

357 775 401 815 in
425 773 539 813 honis
562 770 856 812 demorabitur.
887 770 937 811 Et
957 769 1152 810 iterumd:
1191 768 1313 820 Quod
1330 782 1414 809 non
1435 768 1689 822 derelinques
1710 768 1895 808 animam

360 856 487 882 meam
507 842 552 882 in
571 840 749 895 inferno.
798 838 849 880 Et
868 839 1062 879 iterume:
1109 838 1349 879 Convertere
1370 837 1513 877 anima
1531 849 1623 877 mea
1647 837 1692 877 in
1711 835 1895 890 requiem

359 918 484 950 telam.
529 909 580 950 Et
599 907 788 949 iterum‘:
822 907 979 947 Anima
998 921 1089 947 mea
1111 904 1359 947 conturbata
1380 912 1437 945 est
1455 904 1586 945 valde.
1630 903 1682 945 Et
1699 905 1893 944 iterumss:

362 978 426 1018 lm
447 978 653 1018 desiderat
674 977 814 1017 anima
833 990 924 1016 mea
945 975 1002 1015 ad
1021 982 1070 1026 te,
1100 974 1209 1014 (leus.
1252 973 1303 1014 Et
1323 973 1517 1013 iterumh:
1546 972 1796 1013 Benedictus
1823 971 1894 1012 clo-

357 1048 505 1098 mz'nus,
528 1045 719 1100 qui-feeit
739 1045 921 1085 animam
940 1057 1082 1083 meam.
1114 1041 1220 1082 Illud
1242 1043 1379 1095 itaque
1396 1039 1733 1095 philosophorum
1753 1037 1894 1080 2inani

358 1116 565 1156 sententia
584 1113 794 1164 adserunt,
816 1111 923 1166 quod
947 1111 1086 1152 divina
1106 1111 1311 1164 scriptura
1331 1123 1413 1150 non
1434 1110 1492 1149 ita
1512 1108 1734 1163 praedicat.

442 1183 513 1223 Est
533 1182 713 1222 haeresis
735 1194 837 1234 quae
859 1179 1040 1234 pecudes
1062 1183 1103 1218 et
1119 1182 1330 1232 serpentes
1347 1181 1389 1217 et
1403 1183 1525 1218 avesa
1544 1175 1808 1218 rationabiles
1829 1188 1894 1216 31·-

361 1251 532 1292 bitratur
553 1263 642 1291 esse
664 1253 710 1290 ut
729 1249 916 1290 homines
926 1248 956 1300 ι),
978 1248 1085 1288 sicut
1104 1246 1333 1288 Manichaei
1355 1249 1395 1286 et
1416 1246 1601 1287 Gnostici
1622 1243 1773 1299 perditi
1783 1250 1812 1297 ⁰,
1832 1243 1898 1284 1et

447 1374 529 1420 Cap.
545 1373 669 1408 XCIX.
694 1376 728 1405 in
753 1373 825 1406 abc.
853 1374 1051 1416 inscriptum
1075 1377 1123 1403 est
1136 1370 1309 1404 Haenesxs
1327 1381 1372 1402 ne
1391 1377 1526 1403 Anima
1542 1380 1584 1402 ετ
1602 1377 1818 1403 mrum-:ow
1835 1377 1896 1400 no-

358 1432 522 1455 131315.-
552 1421 577 1454 l.
604 1420 651 1452 ita
675 1431 734 1453 om.
759 1419 788 1451 h.
858 1417 888 1452 2.
912 1417 1032 1450 inanes
1057 1416 1245 1450 sententiae
1269 1414 1495 1449 adhaeserunt
1518 1426 1587 1449 non
1610 1414 1778 1459 scriptura
1801 1422 1898 1447 sacra

381 1467 529 1500 raedicat
547 1466 590 1498 A.

357 1479 378 1513 p
448 1512 528 1556 Cap.
547 1510 583 1544 G.
601 1514 634 1543 in
653 1511 725 1543 abe.
744 1509 845 1542 habet
868 1510 1061 1552 inserzptum
1089 1506 1341 1541 Gnosriconvm
1366 1518 1408 1540 Εἰ·
1430 1499 1707 1540 ΜΑΝιοΗΑΕοιξνΜ
1731 1514 1897 1538 HAERESIS

358 1570 402 1591 nr.
421 1568 649 1591 SERPENTlm'S
669 1567 709 1588 ετ
727 1566 859 1588 Ανωνε.
878 1574 919 1578 -
947 1554 974 1588 1.
992 1558 1025 1587 et
1041 1553 1179 1598 quidem
1196 1552 1236 1586 de
1253 1552 1363 1597 poetis
1378 1555 1411 1586 et
1423 1550 1636 1597 philosophis
1651 1550 1768 1585 stoicis
1785 1550 1897 1584 vanis-

358 1604 436 1638 simi
453 1602 674 1647 suspicantur
691 1602 735 1634 A.

357 1706 388 1739 4.
417 1704 476 1747 ,εἷς
494 1705 689 1749 κακότεγνον
716 1701 821 1748 ψυχὴν
847 1701 905 1734 οὖν.
926 1700 1093 1740 εἷςελεύσε-

358 1763 408 1784 ται
425 1750 553 1795 ‘sosias'
600 1745 675 1792 (F.)

403 1808 483 1862 Cap.
500 1806 624 1841 XCIX.
643 1825 685 1829 —
721 1816 750 1838 a.
780 1817 824 1838 DE
840 1805 964 1846 asma]
999 1803 1093 1848 „ssepi

358 1856 414 1886 τοῦ
428 1853 559 1897 Ουραθεν
573 1851 661 1894 νοῦ,”
674 1855 711 1884 ut
723 1851 834 1884 verbis
848 1854 923 1882 utar
936 1849 1094 1893 Origenis

357 1899 388 1933 3.
405 1903 524 1932 contra
539 1897 675 1930 Celsum
691 1908 723 1941 p.
743 1895 814 1929 159.
874 1895 947 1938 (F.)

402 1956 434 1988 b.
452 1959 540 1995 ante,
553 1953 674 1997 inquit,
688 1952 879 1985 intellectus
892 1952 1094 1994 vocabatur]

357 2001 504 2046 Spiritus
520 1999 749 2043 intelligentes
763 1997 833 2030 sive
849 1997 1093 2041 intelligentias

357 2047 392 2080 in
410 2046 503 2079 caelo
519 2045 626 2078 vitam
642 2043 782 2076 duxisse
797 2043 956 2086 primum,
974 2042 1093 2075 deinde

356 2092 535 2137 prolapsas
551 2090 587 2122 111
607 2092 803 2134 peccatum,
826 2091 864 2120 ut
885 2098 1013 2131 poenas
1037 2087 1093 2120 da-

357 2140 442 2178 rent,
472 2136 627 2169 detrusas
651 2134 686 2167 in
715 2143 857 2177 corpora
886 2133 999 2177 opinio
1028 2133 1094 2166 suit

358 2182 610 2215 Platonicorum
637 2179 677 2212 de
702 2189 769 2222 qua
791 2178 907 2211 multis
932 2178 1094 2221 Augusti-

358 2239 423 2260 nus
452 2225 620 2260 Steuehus
648 2223 851 2267 Eugubinus
878 2222 936 2256 lib.
964 2222 1023 2257 IX.
1053 2223 1093 2256 de

357 2272 501 2306 Perenni
513 2269 740 2314 Philosophia,
753 2268 868 2301 Livius
884 2268 1045 2301 Galantes
1058 2269 1094 2302 in

359 2317 620 2362 Comparatione
650 2314 858 2357 Theologiae
882 2313 1094 2346 Christianae

359 2374 437 2396 cum
451 2362 627 2396 Platonica
647 2360 733 2393 libro
750 2358 841 2392 XIII.
860 2362 893 2391 et
915 2358 961 2391 Io.
978 2358 1094 2403 Bapti-

359 2413 413 2442 sta
430 2408 568 2452 Grispus
585 2407 626 2439 de
638 2403 852 2448 Philosophis
867 2404 1093 2447 0311101ος01]-

359 2454 410 2487 dis
427 2452 666 2486 distributione
685 2451 713 2483 1.
731 2453 763 2483 et
781 2449 812 2482 2.
860 2449 933 2491 (F.)

404 2521 432 2544 c.
457 2510 590 2542 dicente
606 2507 787 2552 scriptura]
810 2505 899 2538 Psal.
915 2505 1026 2539 XXV.
1044 2506 1093 2538 13.

362 2554 504 2634 ,ἓψέχὴ
523 2553 621 2586 αὐτοῦ
639 2551 669 2585 ἐν
687 2551 819 2596 ἀγαθοῖς
837 2549 1094 2592 αὖλισθήσεται.”

359 2603 377 2641 (
410 2614 431 2634 (ι
454 2605 498 2643 r.)

405 2657 436 2691 d.
459 2656 501 2690 Et
516 2656 653 2697 iterum]
674 2654 761 2687 Psal.
774 2653 865 2687 XVI.
882 2652 932 2685 10.
952 2651 1019 2695 ,ὅτι
1036 2651 1094 2684 οὐκ

360 2701 594 2748 ἐγκαταλείψεις
618 2699 674 2743 τὴν
699 2699 804 2744 ψυχήν
829 2710 890 2743 μου
915 2696 955 2736 εἷς
984 2697 1095 2742 ᾅδην.”

360 2750 377 2788 (
377 2749 411 2781 F
410 2749 482 2781 abr.

404 2805 433 2827 e.
456 2752 499 2826 Ei
524 2792 661 2833 iterum]
694 2789 783 2829 Psal.
812 2788 930 2823 CXVI.
947 2788 978 2821 7.
1009 2786 1095 2830 ,ἐπί-

362 2838 496 2883 οτρεψον
511 2838 598 2882 ψυχή
612 2848 673 2882 μου
687 2834 727 2873 εἷς
743 2833 798 2877 τὴν
813 2832 986 2866 ἀνάπαυσίν
1004 2833 1094 2866 σου.”

361 2885 482 2923 (Fabr.

404 2929 428 2963 f.
452 2889 500 2962 Εέ
515 2929 652 2971 iterum]
691 2925 779 2960 Psal.
799 2924 854 2960 VI.
878 2924 910 2958 3.
945 2923 982 2967 ,ἡ
1007 2924 1096 2969 ψυχή

363 2987 424 3018 μου
437 2972 597 3019 ἐταράχθη
615 2971 772 3017 σφόδρα.”
819 2970 894 3012 (F.)

406 3030 440 3063 g.
463 3020 507 3054 Et
527 3020 665 3062 iterum]
686 3016 775 3052 Psal.
790 3015 896 3052 XLII.
913 3015 944 3049 2.
971 3015 1093 3057 ,οὕτως

1163 1699 1307 1734 ἐπιποθεῖ
1333 1699 1352 1743 ἡ
1382 1699 1470 1745 ψυχή
1499 1712 1560 1745 μου
1584 1698 1664 1745 πρὸς
1695 1697 1731 1732 σὲ
1755 1695 1772 1732 ὁ
1797 1696 1897 1737 θεός.”

1163 1749 1180 1786 (
1180 1747 1214 1779 F
1214 1747 1302 1789 abr.)

1207 1791 1238 1825 h.
1263 1791 1306 1825 Et
1326 1792 1465 1834 iterum]
1493 1791 1610 1825 Simile
1631 1790 1714 1824 illud
1735 1789 1898 1824 Ieremiae

1161 1837 1356 1871 XXXVIII.
1384 1837 1434 1870 16.
1475 1837 1540 1881 ,ζῇ
1564 1836 1670 1881 κύριος
1693 1834 1728 1874 ὃς
1752 1834 1897 1878 ἐποίησεν

1162 1882 1236 1927 ἡμῖν
1255 1882 1309 1925 τὴν
1328 1881 1433 1927 ’.ξω-[ὴν
1449 1881 1599 1924 ταύτην.”
1646 1881 1721 1924 (F.)

1207 1929 1287 1973 Gap.
1302 1927 1338 1961 G.
1354 1922 1396 1952 -ἶ
1413 1938 1443 1961 a.
1460 1927 1607 1972 pecudes
1624 1930 1658 1960 et
1673 1929 1848 1971 serpentes
1864 1928 1899 1959 et

1161 1975 1257 2016 aves]
1273 1973 1420 2006 Piscium
1435 1973 1563 2006 omissa
1574 1972 1714 2013 mentio,
1729 1976 1768 2005 ut
1778 1983 1811 2016 p.
1824 1970 1896 2004 183.

1160 2019 1201 2052 de
1219 2029 1363 2063 quorum
1385 2018 1535 2052 sollertia
1556 2022 1672 2051 tamen
1693 2028 1764 2051 non
1782 2016 1897 2050 minus

1160 2064 1316 2097 miranda
1331 2064 1600 2108 comperiuntur:
1628 2063 1717 2096 sieut
1738 2062 1842 2096 etiam
1857 2061 1899 2095 de

1161 2109 1473 2187 apibussibfomdgicis²
1490 2108 1632 2187 araneis.
1660 2107 1751 2186 tYiide
1766 2107 1898 2141 Plutar-

1161 2166 1177 2188 c
1204 2166 1262 2188 um
1323 2165 1360 2188 ro
1403 2164 1497 2188 1111113
1524 2164 1544 2187 3
1570 2164 1658 2187 erres
1705 2163 1726 2186 a
1737 2163 1782 2186 an
1794 2163 1815 2185 a
1839 2162 1898 2186 ua-

1161 2201 1234 2233 tilia
1256 2200 1435 2244 sagaciora
1457 2211 1489 2244 p.
1507 2198 1582 2232 732.
1599 2209 1670 2243 seq.
1689 2201 1723 2232 et
1736 2163 1899 2233 Vossqium

1161 2246 1248 2279 libro
1265 2245 1321 2279 IV.
1340 2245 1380 2279 de
1396 2244 1591 2279 Idololatria
1606 2254 1635 2277 c.
1655 2244 1706 2277 14.
1753 2243 1827 2286 (F.)

1206 2291 1238 2324 b.
1263 2301 1351 2335 quae
1365 2290 1512 2335 pecudes
1528 2293 1562 2323 et
1577 2292 1752 2334 serpentes
1768 2292 1802 2322 et
1817 2299 1897 2323 aves

1160 2336 1382 2370 rationabiles
1399 2336 1580 2369 arbitratur
1603 2336 1691 2377 esse]
1727 2334 1767 2369 V.
1795 2344 1899 2380 supra

1162 2392 1236 2426 cap.
1253 2380 1306 2415 88.
1324 2385 1410 2414 extr.

1206 2438 1234 2460 c.
1255 2426 1448 2460 Manichaei
1461 2430 1493 2459 et
1507 2425 1662 2459 Gnostici
1677 2425 1813 2470 perditi]
1830 2424 1897 2459 No-

1161 2475 1211 2505 tat
1236 2471 1362 2516 Glycas
1386 2483 1418 2516 p.
1446 2471 1518 2504 145.
1556 2470 1758 2512 Annalium,
1786 2470 1897 2505 Mani-

1161 2517 1284 2550 chaeos
1301 2517 1402 2550 bruta
1422 2516 1564 2550 rationis
1579 2515 1721 2549 minime
1743 2515 1899 2560 expertia

1162 2573 1237 2596 esse
1254 2562 1420 2603 docuisse,
1435 2561 1538 2606 idque
1550 2560 1771 2594 confirmasse
1784 2572 1829 2594 ex
1844 2571 1896 2602 eo,

1163 2608 1253 2651 quod
1270 2611 1464 2652 serpentem
1478 2616 1589 2651 poena
1610 2606 1693 2639 deus
1716 2605 1896 2639 affecisset.

1161 2653 1274 2686 Etiam
1297 2653 1502 2686 animalibus
1528 2651 1621 2685 vesci
1646 2651 1805 2695 religioni
1831 2651 1897 2685 sibi

1162 2697 1302 2732 duxisse
1317 2697 1535 2732 Manichacus
1548 2699 1692 2730 testatur
1703 2696 1898 2730 Alexander

1160 2742 1362 2788 Lycopolita
1375 2755 1408 2788 p.
1426 2742 1475 2776 19.
1498 2742 1563 2785 [De
1579 2742 1654 2775 aliis
1669 2742 1849 2776 haereticis
1863 2752 1896 2775 v.

1162 2788 1369 2867 Cogesslgrium
1385 2788 1427 2821 ad
1444 2787 1623 2822 Constitut.
1639 2787 1757 2832 Apost.
1773 2786 1829 2822 VI.
1844 2786 1896 2820 10.

1187 2859 1193 2866 .
1211 2835 1242 2866 0⁸
1280 2861 1287 2867 .
1367 2834 1407 2868 F.

1161 2845 1183 2879 p
1206 2879 1236 2912 d.
1250 2835 1387 2924 poittab]
1401 2839 1616 2913 garmenides
1629 2881 1664 2911 et
1673 2876 1895 2922 Empedocles

1160 2924 1252 3003 aa}
1263 2924 1577 3015 ..ituraea
1591 2921 1895 3012 131ξὲ11311·

1159 3013 1235 3049 512.
1283 3015 1358 3057 (F.)
