2052 3374
673 215 724 242 DE
742 214 977 242 HAERESIBUS
996 215 1117 241 LIBER.
1591 217 1668 257 167

122 333 236 363 scere
257 323 379 375 atque
401 334 426 361 a
444 321 565 362 nobis
588 320 638 363 de
659 321 747 375 lege
770 324 812 361 et
830 319 1044 376 prophetis
1066 319 1221 361 Christi
1242 321 1442 374 mysteria
1467 317 1668 375 paulatim

121 403 362 444 agnoscere,
393 392 514 443 atque
544 391 587 430 in
608 391 695 431 eius
717 391 909 445 passione
941 389 1165 431 caelestem
1186 402 1352 444 sperare
1375 389 1595 430 scientiam
1617 388 1666 430 de

120 457 208 512 lege
229 459 384 512 pariter
403 461 445 498 et
463 458 688 513 prophetis.

205 525 312 568 Sunt
328 526 495 580 quidam
511 526 696 581 legentes
714 527 779 567 lin
797 526 1020 567 Zachariaa
1041 526 1150 580 quod
1168 526 1286 579 dicit⁷
1311 525 1519 567 Ieiunium
1536 541 1666 582 quczr-
1694 535 1761 568 Cap·
1782 535 1899 562 cxmx.

119 595 194 647 tib,
222 602 260 636 et
277 596 480 637 ieiunium
500 597 676 650 qm‘utc'e,
704 603 742 636 et
759 596 962 636 ieiunium
981 594 1187 650 Septimia,
1216 603 1254 636 et
1272 596 1475 636 ieizmiwn
1496 597 1668 637 decime
1695 582 1779 615 (αφ’
1799 581 1903 606 CXLV'

119 664 198 704 erit
216 664 359 705 domui
374 663 513 705 Israel
538 665 583 705 in
605 665 896 705 multationem
923 671 960 704 et
983 664 1201 719 yazccliunz.
1254 663 1360 713 Quid
1383 678 1492 717 ergo,
1515 666 1549 705 si
1576 666 1667 718 quis

119 745 284 773 omnem
304 734 581 787 septimanam
601 733 778 774 voluerit
798 736 869 773 aut
887 745 1053 773 menses
1075 733 1258 772 ieiunare
1280 732 1453 785 multos,
1482 734 1526 773 in
1546 748 1666 787 prae-

116 800 316 842 iudicium
329 802 571 843 incursurus
589 799 678 843 est?
707 800 842 842 Absit.
874 801 961 841 Imo
974 802 1112 855 potius
1125 800 1293 841 laudem
1309 799 1481 841 habebit
1493 802 1666 856 amplio-

117 883 222 920 rem3
244 873 292 910 ut
305 869 426 911 multi
441 869 687 926 prophetaef
707 870 907 922 fecerunt,
930 874 971 910 et
986 871 1085 911 iusti
1101 868 1291 910 homines
1309 869 1492 923 quotidie
1510 870 1668 911 faciunt

116 937 295 994 plurimi.
347 937 429 980 Sed
455 953 550 980 cum
571 939 670 980 dicit
691 942 864 993 quatuor
884 940 1059 990 ieiunia.⁷
1086 938 1215 979 veluti
1243 938 1330 978 dies
1359 942 1534 992 quatuor
1562 941 1666 979 ieiu-

115 1007 276 1048 nandos
298 1006 504 1058 decernit,
534 1021 619 1049 non
649 1011 787 1048 autem
816 1007 936 1048 nobis
969 1007 1074 1048 dixit
1103 1010 1174 1047 aut
1202 1008 1359 1047 mensis
1391 1006 1565 1047 alicuius
1598 1014 1669 1048 aut

116 1077 229 1128 anni,
250 1075 324 1117 sed
346 1077 404 1118 sic
426 1075 614 1117 absolute
630 1076 899 1131 praedicavit·7
920 1080 966 1116 ut
981 1077 1181 1129 mysteria
1198 1074 1522 1116 Christianitatis
1540 1075 1666 1131 3ipsis

117 1147 290 1198 quatuor
305 1145 469 1185 ieiuniis
486 1146 676 1185 nuntiata
702 1153 1055 1199 cognosceremus.
1087 1142 1203 1192 fNam
1222 1158 1296 1199 per
1317 1158 1473 1185 annum
1494 1149 1668 1198 quatuor

116 1213 269 1253 ieiunia
302 1214 346 1253 in
381 1213 584 1254 ecclesiag
620 1213 903 1266 celebrantur,
939 1215 981 1253 in
1010 1213 1146 1253 Natali
1175 1212 1404 1268 primumh,
1442 1213 1592 1254 deinde
1624 1215 1666 1254 in

115 1279 304 1335 Paschai,
334 1283 505 1323 tertium
534 1283 576 1323 in
608 1281 894 1338 Epiphaniam,
927 1286 1121 1337 quartum
1150 1283 1194 1322 in
1218 1282 1514 1323 Pentecostem.
1558 1281 1666 1324 Nam

204 1421 285 1470 Cap.
310 1422 463 1458 CXLIX.
480 1427 514 1457 in
532 1425 604 1458 abc.
623 1427 823 1470 inscriptum
839 1424 941 1457 habet
966 1424 1140 1458 HAERssm
1158 1435 1203 1456 DE
1222 1434 1400 1458 zAanmA
1417 1434 1602 1458 PRoPnETA
1618 1436 1664 1458 ιη

114 1479 258 1505 mxvmo.
275 1489 319 1496 -—
345 1469 374 1504 1.
392 1469 432 1504 de
450 1471 479 1504 ὂ.
549 1470 580 1504 2.
598 1470 689 1516 quod
706 1471 771 1504 Ab.
790 1481 857 1515 quo
876 1471 1007 1515 reliqui.
1076 1470 1108 1504 3.
1125 1470 1234 1514 ipsius
1252 1470 1350 1511 (ΑΜ.

923 1613 1012 1678 quae
1038 1602 1298 1646 Hierosolymae
1334 1601 1529 1635 aeciderunt
1559 1601 1661 1635 mala.

922 1649 1119 1729 (hisnu-iiii&
1147 1695 1348 1740 prophetae]
1382 1695 1521 1739 Moyses
1551 1694 1661 1729 Exod.

113 1611 187 1656 cap.
208 1601 282 1636 150.
304 1602 449 1661 Iudaeos
472 1603 624 1648 appellat
648 1602 855 1644 „inemditos

113 1648 427 1740 etffdgiffldspunc
459 1694 663 1729 Iudaeorum
695 1695 852 1729 docilitas

113 1741 268 1775 subiecta
283 1741 384 1774 nobis
401 1744 453 1774 est
469 1752 546 1774 cum
564 1741 660 1784 velit]
688 1741 779 1774 Male
797 1752 852 1774 su-

112 1785 261 1832 periores
285 1786 451 1820 editiones
467 1790 548 1831 post
563 1787 668 1820 verba
691 1788 783 1820 nohis
806 1794 854 1820 esc

137 1843 256 1866 osuere
270 1832 418 1877 στιγμήν,
432 1843 515 1866 nam
528 1833 759 1866 connectenda
773 1844 852 1866 cum

111 1843 164 1911 iiis
182 1880 263 1911 sunt
278 1888 367 1923 quae
387 1877 548 1923 deinceps
572 1882 773 1923 sequuntur.
800 1877 853 1912 Iu-

113 1923 276 1964 daeorum
299 1934 381 1957 vero
411 1923 566 1957 docilitas
590 1924 788 1969 accipienda
812 1924 853 1957 de

112 1969 178 2004 illis
202 1968 336 2002 Iudaeis
369 1969 428 2014 qui
459 1969 592 2003 Christo
617 1970 695 2003 dare
726 1981 853 2004 nomen

113 2019 147 2049 et
163 2014 288 2049 Christi
311 2025 410 2048 sacra
429 2015 604 2060 amplecti,
631 2015 702 2049 sive
720 2026 739 2048 a
757 2015 851 2049 Chri-

114 2061 232 2095 stianis
268 2061 308 2094 de
335 2061 413 2105 lege
447 2064 481 2094 et
507 2060 682 2106 prophetis
726 2060 851 2095 Christi

113 2106 277 2151 mysteria
299 2117 489 2152 agnoscere
511 2118 581 2140 uon
610 2106 849 2151 dedignantur.

115 2152 252 2194 (Fabr.)

157 2197 238 2242 Cap.
253 2197 404 2232 CXLIX.
419 2219 462 2223 —
481 2208 510 2231 a.
525 2198 560 2231 in
574 2197 751 2241 Zacharia]
767 2198 850 2232 VIII.

116 2243 176 2285 19.,
201 2243 245 2276 ad
261 2255 364 2288 quem
379 2244 495 2277 locum
512 2244 738 2277 conferendus
755 2255 850 2289 prae-

113 2293 162 2323 ter
179 2288 219 2322 S:
229 2289 478 2334 Hieronymum
496 2288 666 2323 Iohannes
685 2290 848 2323 Seldenus

114 2335 224 2380 capite
243 2338 364 2369 octavo
388 2335 468 2369 libri
487 2335 528 2368 de
552 2336 652 2368 Anno
681 2334 778 2369 Civili
797 2334 849 2368 Iu-

113 2380 286 2414 daeorum.
334 2381 408 2424 (F.)

156 2426 190 2461 b.
212 2425 382 2460 Ieiunium
422 2427 527 2469 uarti]
564 2426 625 2459 Die
654 2426 701 2459 17.
719 2425 846 2459 mensis

114 2472 226 2517 quarti
248 2471 405 2515 Tamuz(
428 2472 519 2515 ulii),
544 2472 586 2505 ob
611 2471 802 2505 confractas
826 2482 847 2504 a

112 2517 234 2562 Moyse
249 2517 384 2552 tabulas
402 2521 436 2552 et
450 2518 571 2551 urbem
588 2528 608 2550 a
624 2515 846 2550 Nabuchodo-

112 2573 237 2597 nosore
252 2566 399 2608 captam.
447 2563 521 2606 (F.)

157 2619 186 2641 c.
209 2609 377 2642 ieiunium
394 2609 518 2653 quinti]
534 2608 596 2642 Die
609 2618 698 2641 nono
716 2608 844 2641 mensis

114 2654 224 2698 quinti
231 2654 284 2688 Ab
297 2654 475 2699 (Augusti),
491 2655 532 2688 ob
543 2651 845 2696 conflagrationem

113 2699 240 2745 templi.
288 2699 364 2741 (F.)

158 2744 189 2778 d.
213 2745 381 2778 ieiunium
393 2756 429 2779 se
454 2745 545 2788 timi]
561 2744 622 2778 Die
635 2743 733 2777 tertio
747 2743 845 2788 Tisri,

113 2790 241 2824 mensis
255 2790 409 2835 septimi(
447 2791 588 2833 ctobris)
608 2789 650 2821 ob
667 2789 847 2823 Godoliam

115 2835 157 2869 ab
173 2834 356 2869 Ismaelitis
371 2836 595 2876 trucidatum,
621 2839 656 2867 ut
673 2834 773 2867 tradit
795 2835 847 2869 Io-

115 2879 240 2959 sebphlps
255 2881 293 2915 in
303 2881 572 2926 Hypomnestico
589 2879 715 2914 inedito
734 2891 761 2914 c.
775 2880 848 2914 127.

116 2928 134 2967 (
166 2939 187 2959 a
210 2929 256 2967 r.)

161 2980 189 3005 e.
212 2971 379 3006 ieiunium
397 2971 534 3015 decimi]
564 2971 626 3004 Die
644 2970 775 3005 decimo
793 2971 848 3005 de-

116 3015 197 3050 eimi
209 3017 338 3051 mensis
356 3017 533 3062 (Ianuarii)
556 3015 684 3051 Tebeth
703 3016 745 3049 ob
762 3027 849 3052 nun-

117 3060 205 3095 ciata
220 3061 399 3107 Babylone
411 3062 702 3098 commorantibus
714 3061 849 3097 Iudaeis

921 1741 1049 1776 XXIV.
1067 1742 1116 1775 18.
1131 1741 1296 1775 XXXIV.
1311 1740 1362 1774 28.
1377 1741 1476 1774 Dent.
1492 1740 1551 1774 lX.
1568 1742 1597 1774 9.
1613 1742 1661 1775 ll.
1805 1739 1816 1757 ⁹

922 1792 954 1820 et
970 1788 1062 1821 Elias
1083 1788 1097 1820 l
1116 1787 1201 1831 Reg.
1218 1786 1314 1820 XIX.
1333 1785 1363 1819 S.
1412 1787 1488 1828 (F.)

966 1844 998 1878 g.
1017 1838 1162 1878 quatuor
1174 1832 1303 1866 ieiunia
1316 1831 1350 1864 in
1365 1832 1526 1875 ecclesia]
1547 1832 1659 1873 Quan-

924 1890 1027 1923 quam
1044 1891 1113 1912 non
1128 1878 1230 1912 modo
1249 1878 1499 1921 antiquioribus
1524 1884 1556 1911 et
1580 1890 1661 1924 apo-

923 1925 1061 1958 stolicae
1079 1924 1182 1957 aetati
1198 1924 1417 1968 propioribus
1435 1926 1659 1969 tempc›i·ibu5‚

921 1970 980 2003 sed
996 1982 1037 2003 ne
1053 1969 1225 2002 Philastrii
1242 1969 1381 2014 quidem
1404 1980 1486 2003 aevo
1513 1974 1659 2014 quatuor

919 2016 978 2049 illa
1000 2015 1127 2049 ieiunia
1148 2015 1252 2059 longe
1278 2015 1413 2059 lateque
1435 2027 1496 2060 per
1522 2027 1659 2050 omnem

919 2062 1097 2095 ecclesiam
1122 2061 1311 2094 obtinuisse
1336 2061 1421 2094 satis
1445 2066 1595 2103 constat,
1622 2071 1659 2095 ut

918 2106 1065 2141 ostendit
1080 2106 1126 2140 Io.
1144 2106 1306 2139 Dallaeus
1324 2106 1381 2139 lib.
1405 2106 1436 2141 4.
1462 2106 1501 2140 de
1518 2107 1656 2141 Ieiuniis

919 2163 991 2197 cap.
1010 2152 1050 2190 7..
1083 2156 1199 2185 tamen
1225 2163 1269 2185 ex
1292 2151 1357 2184 hoc
1385 2151 1558 2186 Philastrii
1582 2153 1656 2187 loco

917 2200 1011 2243 patet
1027 2198 1101 2231 falli
1116 2197 1344 2238 Bhndellum,
1367 2198 1426 2242 qui
1443 2198 1484 2231 ad
1508 2198 1657 2232 Pseudo-

919 2243 1050 2277 Callisti
1063 2244 1254 2288 Epistolam
1273 2253 1353 2288 pag.
1368 2244 1444 2277 246.
1463 2249 1559 2277 notat
1573 2245 1656 2278 Leo-

916 2300 996 2323 nem
1020 2289 1188 2333 Magnum
1215 2289 1366 2334 primum
1397 2294 1543 2333 quatuor
1572 2294 1656 2324 tem-

917 2346 1039 2380 porum
1055 2335 1182 2368 ieiunio
1201 2338 1479 2369 consecratorum
1497 2335 1654 2370 distincte

916 2381 1125 2414 meminisse.
1174 2381 1248 2423 (F.)

959 2425 991 2460 h.
1017 2427 1051 2459 in
1069 2426 1183 2460 Natali
1200 2427 1366 2471 primum]
1391 2426 1464 2460 Hoc
1489 2431 1541 2460 est
1564 2427 1654 2472 quod

913 2472 1021 2506 Leoni
1038 2471 1205 2516 hyemale,
1231 2472 1306 2505 aliis
1330 2472 1497 2506 ieiunium
1520 2474 1654 2507 Adven-

913 2518 1126 2598 tlusilpngni,
1143 2517 1182 2550 de
1198 2528 1266 2596 quit}
1278 2516 1430 2594 Theloph.
1443 2518 1653 2563 Raynaudus

1151 2574 1184 2607 p.
1201 2564 1222 2596 4
1247 2565 1277 2596 ⁴..
1327 2565 1343 2602 (
1367 2563 1400 2603 ¹.)

957 2609 978 2642 i.
1003 2609 1038 2643 in
1051 2575 1233 2651 ngchaoe]
1270 2609 1342 2642 Hoc
1369 2620 1476 2642 unum
1505 2609 1653 2643 admittit

913 2654 1143 2698 Hieronymus
1177 2654 1238 2699 Ep.
1274 2654 1328 2687 54.
1362 2654 1404 2687 ad
1435 2656 1651 2689 Marcellum:

919 2700 1011 2734 .N0.e
1033 2712 1131 2733 unam.
1157 2701 1452 2743 quctdraqesc'mam
1475 2703 1651 2734 secundum

916 2747 1129 2778 traditionem
1144 2747 1365 2790 apostolorum
1381 2751 1444 2778 toto
1460 2759 1557 2781 αηηο,
1575 2752 1649 2778 tem-

910 2804 995 2835 μονα)
1009 2791 1100 2823 nobis
1109 2803 1251 2834 conqruo
1265 2793 1466 2823 iez'nnmnus:
1479 2792 1532 2823 illi
1543 2792 1650 2832 (Mon-

916 2837 987 2869 tani
1004 2837 1164 2880 asseclae)
1183 2842 1250 2869 tre-5¹
1266 2839 1299 2868 1'11
1318 2839 1555 2880 malefaciunt
1570 2849 1649 2879 qem-

917 2884 1138 2925 ‹lrczye-sc'mas,
1155 2884 1253 2925 quasi
1268 2888 1334 2914 tres
1344 2884 1445 2926 passi
1460 2884 1526 2913 sint
1537 2883 1649 2914 salm-

919 2934 1014 2960 tores.
1041 2927 1117 2960 Non
1134 2939 1193 2971 quo
1211 2934 1243 2960 et
1252 2939 1316 2972 per
1333 2933 1429 2959 tntum
1448 2939 1578 2967 (ιιιιιιιηι,
1596 2939 1649 2960 ez-

918 2979 1014 3017 cepta
1027 2978 1212 3016 pentecoste
1227 2975 1377 3005 ieiunare
1391 2984 1450 3004 non
1465 2973 1576 3012 liceat,
1591 2974 1650 3007 sed

917 3020 1003 3064 quod
1018 3019 1114 3050 aliud
1133 3020 1177 3050 sit
1193 3021 1402 3056 necessitate,
1420 3018 1516 3052 aliud
1537 3019 1647 3052 volun·

919 3069 985 3098 tate
1002 3075 1115 3097 munus
1131 3063 1282 3107 offerre.”
1327 3062 1402 3103 (F.)
