2052 3374
0 3218 13 3374 Q-—r

660 204 711 229 DE
729 205 964 233 HAERESIBUS
981 208 1103 235 LIBER.

1574 218 1652 259 177

105 300 241 343 medio
271 305 480 357 tempore,
511 304 662 348 deinde
699 311 831 362 gratia
861 312 1125 366 salvatoris0,
1161 315 1354 358 utilitatis
1386 331 1470 360 non
1498 333 1650 375 parvae

105 372 187 420 est3
208 373 280 411 aut
300 371 335 412 si
357 371 407 412 de
428 371 524 426 fide,
545 388 618 429 spe
646 380 768 431 atque
798 381 992 433 caritate,
1020 386 1066 422 ut
1093 382 1196 423 dixit
1224 384 1368 427 beatus
1401 388 1650 444 apostolusx’,

104 438 195 491 quis
215 438 317 480 velit
337 442 539 496 accipere,
561 447 602 483 et
622 445 665 485 in
686 445 762 487 hoc
784 461 867 488 non
888 451 1005 503 parvi
1027 454 1090 492 est
1110 452 1346 495 intellectus
1366 456 1647 510 prudentiori·

100 503 178 547 bus
198 520 246 548 ac
268 508 472 563 spiritalia
492 510 826 556 desiderantibus
846 516 1052 570 plurimis.

185 574 293 617 Sunt
321 577 489 631 quidam
518 578 739 623 haereticia
770 585 839 637 qui
868 584 916 626 de
938 586 1059 628 Helia
1088 587 1208 630 beato
1238 592 1459 646 opinantur
1480 595 1589 649 quod
1611 598 1649 638 ei
1674 596 1740 631 0³1³·
1758 597 1851 624 CLW*

100 645 209 685 corvi
231 658 322 686 sero
344 660 490 688 carnes
512 648 563 690 ad
585 663 724 692 escam
745 656 786 692 et
804 665 927 694 mane
955 669 1084 709 panes
1113 657 1358 714 adtulerint,
1388 676 1473 704 11011
1499 664 1646 707 adten-

99 710 243 754 dentes
275 714 386 769 quod
417 721 567 758 cuncta
596 724 765 761 sanctus
797 735 843 762 ac
876 721 1138 766 beatissimus
1166 728 1369 782 propheta
1396 744 1480 772 non
1503 748 1647 776 earnes

98 779 270 822 ¹edebat
290 782 533 838 aliquando,
564 789 633 840 qui
656 802 821 830 omnem
841 790 968 832 talem
997 806 1135 835 escam
1163 800 1487 854 contempserat,
1515 802 1645 844 absti-

95 852 232 893 nendo
253 851 487 907 voluntate,
521 857 636 897 cuius
668 861 709 897 et
737 872 861 900 causa
885 863 1026 901 tantae
1056 861 1271 915 dignitatis
1302 880 1326 906 a
1347 867 1422 910 deo
1445 868 1646 914 honorem

93 920 246 960 meruit
265 919 455 976 adipisci,
475 927 522 963 ut
542 924 585 964 111
605 925 845 979 paradisum
865 934 1080 983 raperetur
1102 931 1314 987 sublimis,
1336 936 1409 976 ubi
1431 952 1525 980 cum
1546 955 1643 983 san-

95 988 172 1027 etis
194 987 384 1031 omnibus
407 990 702 1034 conlocaretur.
733 994 840 1036 Nam
861 998 897 1037 si
919 997 968 1038 de
989 1013 1095 1053 pane
1119 1000 1285 1054 quidem
1307 1003 1457 1059 aliquis
1480 1007 1644 1064 dixerit,

92 1056 264 1098 rationis
285 1058 496 1101 interdum
523 1065 586 1102 cst
615 1063 723 1116 quod
751 1065 788 1105 ei
810 1067 922 1107 corvi
943 1066 1187 1122 adtulerint,
1216 1070 1266 1112 de
1289 1073 1482 1116 carnibus
1504 1082 1643 1120 autem

180 1208 263 1255 Cap.
280 1209 392 1247 CLIV.
413 1213 628 1248 desideratur
644 1218 681 1249 in
697 1215 807 1252 Baba.
839 1217 999 1254 Servavit
1020 1224 1107 1256 euim
1121 1223 1210 1258 solus
1224 1223 1528 1270 Sanyermanensz·s
1543 1231 1639 1269 liber.

91 1273 134 1280 -
167 1255 197 1291 1.
213 1255 361 1291 edebant
375 1258 420 1293 A.

132 1419 163 1444 ο.
187 1410 342 1445 mandati
374 1411 495 1447 deinde
526 1414 615 1459 legis
647 1415 683 1448 in
714 1417 827 1451 medio

86 1457 250 1500 tempore,
265 1456 385 1491 deinde
398 1459 509 1503 gratia
523 1461 718 1506 salvatoris]
744 1463 827 1497 Tres

88 1501 324 1544 oeconomiae,
344 1504 603 1546 Autemosaica,
626 1506 765 1541 Iudaica
795 1513 829 1542 et

88 1544 292 1590 Christiana,
311 1548 353 1582 de
370 1549 493 1594 quibus
511 1561 539 1586 c.
568 1552 641 1586 109.
660 1552 732 1587 133.
754 1554 826 1588 144.

90 1591 163 1627 146.
185 1592 259 1628 150.
309 1595 383 1638 (F.)

85 1670 162 1738 ΧΗ
187 1663 225 1694 ut
241 1645 329 1696 dixit
345 1663 464 1698 beatus
481 1666 672 1711 apostolus]
708 1668 722 1700 1
750 1667 825 1702 Cor.

153 1705 179 1739 Ι.
198 1706 250 1741 13.
297 1708 372 1750 (F.)

129 1773 178 1808 Oa
205 1801 212 1808 .
230 1774 342 1810 CLIV.
361 1798 404 1802 —
433 1789 462 1812 3.
482 1778 571 1813 Sunt
588 1780 728 1824 quidam
745 1781 823 1816 hae-

82 1820 177 1854 retici
228 1821 352 1856 Subdit
366 1822 571 1858 Philastrius
588 1825 769 1869 haeresim,
788 1833 825 1862 ut

81 1864 154 1910 ipse
170 1871 282 1912 vocat,
300 1868 341 1902 de
358 1869 478 1903 avibus
492 1871 608 1904 Heliae
625 1873 822 1908 ministran-

81 1911 191 1953 tibus,
223 1923 292 1957 qua
315 1914 455 1959 quidam
477 1916 675 1961 opinantur,
700 1919 822 1963 inquit,

83 1957 174 2001 quod
191 1958 223 1992 ei
238 1961 330 1993 corvi
346 1971 421 1994 sero
440 1971 559 1995 carnes
577 1963 620 1995 ad
638 1974 769 2005 escam,
789 1971 822 1999 et

80 2011 180 2036 mane
218 2015 326 2048 panes
362 2006 555 2040 adtulerint.
601 2008 673 2042 Hoc
705 2015 820 2044 autem

79 2045 260 2084 Philastrio
283 2050 454 2096 displicet,
484 2053 531 2085 ait
555 2054 636 2098 quip
663 2066 698 2095 e,
729 2057 819 2099 quod

80 2097 218 2128 sanctus
240 2105 282 2129 ac
304 2097 524 2131 beatissimus
552 2065 719 2144 propiieta
749 2113 818 2135 1100

79 2148 198 2173 carnes
222 2141 345 2175 edebat
367 2143 567 2187 aliquando,
599 2145 657 2189 qui
682 2157 818 2181 omnem

77 2184 182 2218 talem
216 2197 331 2220 escam
366 2192 596 2222 contemserat
624 2191 817 2226 abstinente

78 2230 272 2273 voluntate;
289 2233 386 2267 cuius
404 2237 438 2267 et
454 2245 559 2267 causa
574 2239 689 2269 tantae
707 2237 817 2281 digni-

78 2275 157 2310 tatis
173 2287 195 2310 a
210 2277 273 2312 deo
289 2277 456 2313 honorem
471 2281 596 2314 meruit
609 2281 762 2326 adipisci,
780 2288 818 2317 ut

77 2319 113 2354 in
135 2323 334 2366 paradisum
353 2330 530 2370 raperetur
554 2326 728 2369 sublimis,
757 2329 817 2363 ubi

77 2375 155 2400 cum
197 2370 325 2403 sanctis
365 2371 524 2405 omnibus
570 2373 815 2408 conlocaretur.

77 2411 202 2447 Adiicit
217 2414 355 2449 deinde:
391 2415 499 2458 „Nam
524 2417 554 2450 si
579 2416 618 2450 de
635 2428 723 2462 pane
742 2421 814 2464 qui-

77 2455 154 2491 dem
169 2459 215 2492 ali
241 2460 293 2494 uis
315 2460 455 2503 dixerit,
479 2462 621 2496 rationis
645 2463 814 2499 interdum

77 2506 129 2536 est
145 2470 238 2548 quod
257 2506 288 2539 ei
305 2510 398 2540 corz-i
419 2508 618 2548 adtulerint3
643 2508 682 2542 dc
707 2512 813 2545 carni-

75 2547 139 2582 bus
153 2553 269 2584 autem
280 2551 510 2597 incongruum
522 2554 718 2598 reperitur.'’
733 2555 812 2590 Pro-

76 2592 164 2628 fecto
181 2596 274 2630 corvi
287 2608 413 2642 panem
430 2598 610 2632 dumtaxat
624 2599 812 2635 afferebant

75 2636 196 2682 Paulo,
220 2645 258 2675 ut
277 2647 393 2676 narrat
414 2644 644 2689 Hieronymus
668 2645 703 2678 in
723 2647 810 2690 Vita,

76 2685 297 2721 etMalvenda
303 2688 417 2722 locum
425 2689 530 2723 istum
537 2694 671 2723 vertens
682 2690 717 2734 (3
725 2692 809 2737 Reg.

80 2728 129 2763 17.
145 2730 175 2766 6.
205 2731 268 2774 „Et
283 2735 377 2768 corvi
391 2735 555 2769 facientes
574 2736 604 2769 ei
620 2737 734 2770 venire
751 2749 808 2782 pa-

75 2776 185 2810 nem.''
215 2777 304 2812 Bibl.
320 2779 414 2815 Max.
431 2780 501 2814 Ioh.
516 2781 556 2814 de
570 2781 601 2813 la
616 2781 710 2826 Haye
727 2786 807 2817 tom.

75 2817 130 2854 IV.
143 2832 176 2866 p.
195 2821 298 2868 693),
315 2825 375 2858 ubi
391 2825 432 2859 de
449 2827 558 2859 corvis
576 2826 707 2860 Heliam
732 2839 808 2872 pas-

75 2867 228 2902 centibus
244 2869 369 2914 agitur,
381 2872 481 2915 panis
494 2875 627 2904 tantum
640 2874 807 2909 meminit.

75 2910 118 2944 At
137 2922 262 2957 panem
285 2919 319 2948 et
339 2926 475 2950 carnem
499 2916 625 2950 habent
648 2922 720 2951 tuin
743 2919 807 2954 He-

75 2954 207 2992 braieus
218 2962 344 3002 textus,
356 2964 431 2996 tum
441 2963 561 2997 Versio
570 2962 679 2996 LXX.
693 2964 713 2996 3
723 2964 807 3010 Reg.

78 3000 139 3043 17.,
165 3014 356 3050 panemque
387 3012 422 3041 et
448 3019 584 3042 carnem
616 3015 808 3043 memorant

74 3047 246 3085 versiones
260 3055 394 3087 ceterae
407 3063 544 3097 01111105,
561 3055 666 3091 immo
682 3066 807 3100 panem

898 1423 930 1453 et
953 1431 1071 1455 carnes
1097 1423 1139 1457 ad
1162 1424 1296 1460 Heliam
1320 1427 1449 1463 delatas
1480 1434 1638 1476 agnoscit

897 1466 1000 1500 etiam
1033 1467 1183 1503 Basilius
1221 1471 1368 1517 insignis
1408 1476 1637 1514 abstinentiae

895 1516 1061 1555 patronus
1079 1514 1177 1550 Hom.
1195 1515 1226 1548 3.
1244 1518 1279 1550 in
1298 1518 1427 1553 Divites
1443 1522 1584 1566 Avares,
1603 1529 1637 1559 et

896 1568 974 1591 cum
991 1558 1118 1593 Basilio
1141 1562 1325 1604 Augustin.
1366 1565 1476 1602 Serm.
1498 1569 1570 1604 146.
1595 1571 1636 1605 de

895 1603 1013 1648 Temp.
1030 1604 1109 1638 Fuit
1117 1618 1216 1650 porro
1230 1608 1370 1643 Iudaica
1389 1614 1526 1647 traditio
1540 1616 1635 1650 cibos

895 1658 915 1681 a
931 1650 1040 1683 corvis
1059 1651 1191 1685 oblatos
1217 1664 1260 1686 ex
1276 1655 1351 1699 ipsa
1368 1656 1498 1692 Achabi
1514 1671 1635 1695 mensa

894 1695 1096 1739 angelorum
1112 1698 1302 1733 ministerio
1321 1702 1495 1738 desumtos
1516 1707 1633 1750 fuisse,

893 1740 995 1785 idque
1021 1742 1072 1775 bis
1094 1743 1129 1776 in
1155 1744 1207 1777 die
1229 1745 1359 1780 factum
1391 1760 1410 1781 a
1434 1752 1542 1785 corvis
1563 1760 1632 1786 ‘ex-

891 1796 1008 1829 presse
1030 1794 1145 1821 narrat
1168 1800 1265 1824 sacer
1286 1795 1402 1827 textus
1419 1795 1440 1828 l.
1458 1796 1478 1829 l.
1510 1797 1631 1839 „Corvi

891 1842 1027 1876 quoque
1045 1833 1243 1869 deferebant
1267 1837 1297 1870 ei
1313 1849 1438 1882 panem
1461 1846 1494 1874 et
1511 1854 1630 1879 carnes

890 1887 1008 1919 mane,
1033 1879 1189 1913 similiter
1215 1893 1340 1926 panem
1369 1889 1402 1918 et
1430 1898 1549 1922 carnes
1574 1901 1629 1923 ve-

891 1923 1020 1967 speri;’'
1041 1927 1197 1969 quamvis
1213 1927 1415 1964 Philastrius
1437 1944 1556 1967 carnes
1572 1947 1628 1970 ve-

889 1979 985 2013 spere
995 1973 1127 2004 tantum
1138 1972 1179 2005 ad
1188 1973 1321 2008 Heliam
1331 1976 1453 2012 allatos
1462 1982 1627 2015 memine—

888 2014 931 2046 rit
942 2029 948 2046 z
961 2014 1069 2056 „Sunt
1079 2017 1218 2061 quidam
1227 2018 1403 2064 haeretici,
1414 2025 1520 2068 quide
1529 2027 1628 2061 Helia

890 2059 987 2093 beato
1017 2062 1216 2105 opinantur,
1253 2067 1343 2109 quod
1372 2069 1403 2101 ei
1430 2072 1522 2104 corvi
1550 2084 1625 2107 sero

888 2115 1006 2139 carnes
1025 2107 1067 2139 ad
1085 2119 1215 2150 escam,
1237 2116 1269 2143 et
1285 2123 1387 2147 mane
1404 2126 1511 2159 panes
1529 2119 1626 2152 adtu-

885 2150 1017 2184 lerint.''
1031 2152 1224 2196 (Philastrio
1234 2167 1334 2200 porro
1345 2163 1513 2195 consentit
1521 2164 1625 2199 etiam

884 2196 1066 2241 Augustin.
1085 2202 1156 2232 tam
1171 2200 1224 2233 cit.
1239 2202 1346 2236 Serui.
1364 2205 1436 2239 146.
1451 2206 1491 2240 de
1505 2208 1621 2254 Temp.

886 2252 990 2285 quam
1005 2243 1104 2277 Hom.
1126 2245 1175 2278 18.
1194 2247 1251 2280 ubi
1276 2248 1416 2289 ‚Nonne
1433 2252 1481 2285 illi
1496 2265 1623 2298 panem

885 2286 1050 2322 offerebat
1065 2301 1188 2324 corvus
1211 2303 1312 2327 mane
1336 2299 1370 2328 et
1386 2296 1427 2329 ad
1444 2309 1622 2343 vesperam

884 2341 1003 2367 carnes
1014 2334 1065 2377 ?'⁷)
1102 2335 1186 2370 Illud
1203 2349 1340 2383 quoque
1357 2341 1620 2389 observandum,

883 2383 1038 2413 extrema
1051 2379 1151 2415 huius
1166 2384 1286 2428 capitis
1311 2386 1417 2421 fuisse
1435 2400 1455 2421 a
1471 2390 1619 2426 librariis

883 2425 1009 2467 excisa,
1035 2429 1200 2471 pertaesis
1225 2430 1371 2464 fortasse
1394 2435 1485 2477 quod
1507 2435 1618 2470 Phila-

881 2470 984 2503 strius
998 2475 1069 2505 tam
1086 2478 1200 2517 aperte
1214 2485 1233 2506 a
1249 2477 1335 2509 sacri
1348 2482 1463 2513 textus
1476 2479 1620 2516 historia.

882 2514 1074 2557 dissideret3
1107 2519 1161 2551 cui
1190 2520 1300 2554 simile
1329 2523 1519 2569 quippiam,
1547 2539 1616 2561 non

881 2561 978 2594 valde
1017 2563 1166 2597 absimili
1205 2565 1244 2599 de
1276 2578 1394 2609 causa,
1432 2574 1616 2615 postremis

881 2606 1029 2651 quinque
1043 2608 1173 2643 lrenaei
1186 2612 1354 2655 capitibus
1375 2616 1538 2651 accidisse
1555 2630 1613 2653 no-

878 2655 995 2685 tarunt
1018 2654 1150 2698 pridem
1173 2656 1235 2689 viri
1255 2657 1343 2691 docti
1366 2660 1408 2692 ad
1425 2660 1613 2704 Irenaeum,

877 2695 1069 2732 Feuardent
1090 2700 1215 2734 Annot.
1240 2714 1271 2746 p.
1289 2704 1363 2737 205.
1406 2706 1612 2742 (1101)οΡιό-

877 2742 969 2786 legg.
987 2755 1018 2788 p.
1040 2745 1089 2778 16.
1108 2746 1158 2779 011.
1176 2747 1339 2784 Massuet.
1358 2749 1494 2786 Scilicet
1510 2754 1611 2787 libra-

876 2787 955 2829 rios,
973 2789 1053 2833 quia
1068 2801 1209 2825 exosam
1223 2795 1402 2837 posteriori
1414 2801 1524 2831 aetate
1538 2800 1611 2832 mil-

876 2833 994 2866 lenarii
1012 2836 1109 2875 regni
1126 2836 1313 2872 doctrinam
1328 2842 1468 2875 ulterius
1487 2843 1608 2877 descri-

876 2878 954 2912 bere
979 2880 1124 2922 nollent,
1148 2882 1272 2917 idcirco
1294 2886 1390 2919 filum
1414 2889 1607 2933 abrupisse;

875 2933 952 2956 011111
972 2929 1102 2966 tamen,
1124 2932 1161 2960 ut
1177 2933 1266 2963 recte
1288 2931 1335 2963 ait
1350 2931 1608 2977 Fcuardentius,

874 2970 965 3002 malo
982 2969 1059 3004 huic
1074 2972 1280 3008 medendum
1303 2982 1393 3010 esset
1416 2982 1607 3022 praemoni-

875 3014 965 3048 tione
993 3016 1123 3061 aliqua,
1146 3030 1217 3061 1100
1246 3021 1362 3063 litura,
1391 3027 1494 3068 atque
1521 3026 1605 3062 adeo

875 3060 1018 3103 calamo,
1033 3073 1101 3097 nou
1115 3065 1288 3110 scalpello.
1337 3067 1527 3115 (Galeard.)

1298 3122 1338 3155 12
