2052 3374
648 189 698 214 m:
717 188 950 214 HAERESLBUS
968 188 1089 213 LIBER.
1562 186 1642 228 223

98 294 273 337 maxime
300 306 353 334 ex
379 292 529 347 quibus
556 292 843 347 intelliguntur
870 294 996 334 etiam
1022 291 1096 333 illa
1126 290 1191 333 vel
1223 293 1391 343 cuncta,
1418 289 1485 331 vel
1510 302 1642 344 paene

99 367 250 406 cuncta
266 361 460 417 pendere.

180 430 289 472 Ecce
312 444 436 484 quam
455 430 607 471 multas
632 431 1043 472 commemoravimus
1065 429 1270 480 haereses,
1291 441 1369 469 nec
1391 431 1532 468 tamen
1552 440 1640 468 mo-

99 499 197 541 dum
216 503 312 540 tuae
333 498 626 553 postulationis
649 498 925 553 implevimus.
976 497 1036 537 Ex
1067 510 1145 550 quo
1175 498 1285 537 enim
1314 496 1550 537 Christiana
1577 509 1642 536 re-

96 567 218 622 ligio,
251 571 299 608 ut
324 567 461 608 verbis
489 568 570 607 tuis
600 571 714 618 utar,
748 565 1016 606 haereditatis
1046 565 1274 619 promissae
1297 578 1447 606 nomen
1469 565 1645 619 accepit,

98 649 202 690 quae
229 635 422 677 haereses
451 640 562 677 ortae
592 637 676 676 sint
710 648 787 689 quo
822 633 943 674 modo
981 647 1301 674 commemorare
1339 646 1482 674 omnes
1514 633 1644 687 potui,

101 705 172 758 qui
191 718 334 746 omnes
354 718 477 745 nosse
506 718 589 745 non
610 701 753 759 potui?
804 700 922 751 Quod
942 701 1032 742 ideo
1057 701 1268 753 existimo,
1299 701 1395 755 quia
1415 700 1552 741 nullus
1575 714 1643 742 eo-

98 786 211 826 rum,
234 786 409 827 quorum
430 772 480 813 de
500 771 578 813 hac
600 785 643 812 re
666 771 820 826 scripta
840 769 940 823 legi,
962 783 1104 811 omnes
1125 770 1282 823 posuit:
1311 769 1644 823 quandoquidem

98 841 241 884 inveni
271 840 380 896 apud
408 840 537 882 alium
564 853 666 894 quas
693 838 802 894 apud
830 837 957 879 alium
984 852 1067 879 non
1096 837 1261 889 inveni,
1299 842 1339 878 et
1365 851 1507 878 rursus
1536 836 1646 893 apud

97 909 227 952 istum
247 923 348 964 quas
369 909 438 950 ille
460 923 544 950 non
564 909 715 964 posuit.
763 907 847 960 Ego
869 911 1008 947 autem
1027 911 1244 961 propterea
1265 906 1403 960 plures
1423 920 1545 960 quam
1566 906 1646 961 ipsi

99 979 239 1034 posui,
268 979 365 1032 quia
385 977 532 1030 collegi
552 991 603 1018 ex
630 976 821 1018 omnibus
844 989 944 1029 quas
967 988 1110 1016 omnes
1133 974 1243 1029 apud
1264 974 1446 1027 singulos
1475 989 1558 1016 non
1579 976 1644 1016 in-

98 1046 210 1100 veni,
230 1045 382 1088 addit-is
404 1047 532 1086 etiam
553 1059 654 1099 quas
676 1046 764 1100 ipse
787 1043 971 1085 recolens
994 1042 1104 1098 apud
1123 1043 1254 1084 ullum
1276 1043 1439 1084 illorum
1459 1043 1645 1084 invenire

99 1128 184 1157 non
202 1115 331 1170 potui.
380 1114 501 1156 Unde
521 1115 668 1154 merito
693 1112 813 1154 credo
843 1126 918 1153 nec
940 1126 1005 1153 me
1033 1113 1222 1166 posuisse
1245 1125 1410 1164 omnes,
1448 1113 1541 1165 quia
1568 1125 1644 1152 nec

101 1197 244 1226 omnes
266 1182 398 1237 quide
418 1183 494 1224 hac
512 1196 554 1223 re
573 1183 825 1236 scripserunt
848 1181 980 1234 legere
1002 1180 1130 1235 potui,
1152 1194 1284 1234 neque
1302 1180 1378 1222 hoc
1397 1193 1646 1234 quemquam

101 1265 243 1295 eorum
268 1251 388 1293 video
415 1251 566 1292 fecisse
597 1264 699 1304 quos
727 1250 818 1303 legi.
868 1250 1081 1290 Postremo
1112 1249 1277 1290 etiamsi
1303 1263 1445 1290 omnes
1472 1249 1646 1290 forsitan

99 1319 240 1376 posui,
268 1319 378 1374 quod
406 1333 490 1361 non
515 1324 637 1374 puto,
665 1323 804 1359 utrum
835 1332 976 1359 omnes
1006 1318 1089 1358 sint
1116 1317 1258 1371 utique
1279 1319 1433 1359 nescio.
1482 1317 1534 1359 Et
1554 1318 1647 1360 ideo

103 1387 214 1444 quod
238 1387 302 1430 vis
327 1402 393 1430 me
424 1388 617 1442 loquente
646 1388 777 1439 finiri,
813 1401 896 1428 non
924 1386 1073 1427 saltem
1103 1391 1240 1440 potest
1272 1399 1339 1426 me
1375 1391 1647 1440 cognoscente

103 1455 407 1513 comprehendi.
457 1456 609 1498 Audivi
633 1456 851 1510 scripsisse
884 1455 933 1495 dc
955 1454 1196 1495 haeresibus
1226 1459 1417 1495 sanctum
1444 1455 1647 1510 Hierony-

101 1539 230 1578 mum,
251 1525 326 1567 sed
344 1525 482 1580 ipsum
503 1525 592 1566 eius
614 1524 860 1579 opusculum
881 1537 955 1564 nec
973 1525 1015 1564 in
1033 1527 1173 1563 nostra
1192 1522 1444 1564 bibliotheca
1461 1525 1647 1566 invenire

101 1595 325 1651 potuimus,
346 1607 423 1635 nec
443 1593 554 1635 unde
575 1595 707 1648 possit
728 1594 860 1647 accipi
883 1592 1087 1633 14scimus.
1121 1592 1237 1641 Quod
1259 1593 1293 1632 si
1315 1597 1358 1632 tu
1375 1594 1534 1646 scieris,
1554 1608 1647 1649 per-

102 1664 197 1706 veni
218 1661 271 1704 ad
298 1661 420 1715 illud,
449 1666 490 1703 et
519 1662 694 1703 forsitan
723 1660 893 1701 habebis
921 1660 1069 1701 melius
1100 1660 1293 1714 ¹³aliqu1d
1324 1674 1446 1714 quam
1474 1661 1550 1703 1100
1573 1675 1647 1704 110-

105 1735 261 1784 strum,
288 1731 475 1785 quamvis
504 1744 581 1772 nec
608 1730 759 1785 ipsum,
787 1729 884 1769 licet
910 1729 1126 1770 hominum
1163 1728 1470 1783 doctissimum,
1506 1744 1648 1772 omnes

102 1800 294 1844 haereses
315 1799 490 1841 arbitrer
510 1799 704 1852 indagare
726 1797 922 1852 potuisse.
960 1797 1012 1837 Et
1032 1801 1140 1837 certe
1162 1797 1374 1838 Abeloitas
1396 1802 1561 1840 nostrae
1583 1813 1647 1840 re-

104 1868 236 1924 gionis
256 1868 499 1920 haereticos,
521 1872 723 1921 quantum
743 1865 947 1917 existimo,
968 1864 1036 1906 ille
1058 1867 1254 1907 nescivit:
1284 1867 1342 1907 sic
1364 1866 1466 1908 forte
1490 1873 1531 1908 et
1550 1868 1649 1909 alibi

105 1936 206 1979 alios
226 1936 271 1978 in
293 1924 599 1978 obscurissimis
621 1935 721 1977 locis
752 1934 984 1976 reconditos
1022 1935 1109 1975 eius
1136 1934 1327 1975 notitiam
1348 1936 1438 1989 ipsa
1464 1935 1648 1978 locorum

105 2019 273 2048 suorum
300 2005 551 2047 obscuritate
584 2005 797 2057 fugientes.
847 2003 936 2044 Iam
971 2017 1066 2043 vcro
1099 2002 1201 2044 illud
1230 2002 1338 2057 quod
1366 2003 1521 2045 habent
1554 2010 1648 2046 tuae

105 2073 281 2125 litterae,
302 2077 348 2114 ut
369 2073 508 2114 omnia
529 2073 694 2114 omnino
718 2071 903 2113 dicamus
926 2071 1074 2125 quibus
1096 2071 1295 2112 haeretici
1323 2087 1347 2112 a
1368 2074 1540 2114 veritate
1562 2073 1647 2116 dis-

106 2144 304 2194 sentiunt,
325 2143 488 2182 etiamsi
509 2142 648 2182 omnia
670 2142 832 2192 scirem,
858 2140 993 2181 facere
1015 2154 1097 2181 non
1118 2154 1307 2195 possem:
1338 2145 1489 2194 quanto
1510 2143 1648 2183 minus

105 2224 289 2267 possum,
310 2211 381 2264 qui
402 2211 541 2251 omnia
562 2211 667 2250 scire
689 2223 772 2250 non
795 2206 988 2263 possum?
1039 2208 1144 2249 Sunt
1165 2210 1278 2249 enim
1297 2209 1511 2262 haeretici,
1540 2210 1649 2265 quod

107 2278 323 2320 fatendum
343 2281 419 2331 est,
442 2279 510 2332 qui
533 2277 720 2331 singulis,
740 2277 805 2318 vel
825 2291 906 2318 non
928 2276 1056 2318 multo
1079 2277 1269 2332 amplius,
1293 2277 1553 2331 dogmatibus
1575 2293 1647 2335 op-

106 2351 293 2403 pugnant
312 2345 496 2400 regulam
517 2345 717 2397 veritatis,
739 2347 845 2387 sicut
859 2345 1143 2387 Macedoniani
1164 2345 1231 2387 vel
1251 2346 1504 2400 Photiniani,
1525 2352 1648 2402 atque

107 2415 178 2457 alii
197 2415 431 2470 quicunque
453 2416 510 2455 ita
531 2427 575 2455 se
596 2413 763 2454 habent.
803 2413 867 2455 Illi
888 2419 1039 2466 autem,
1068 2418 1113 2455 ut
1133 2416 1191 2455 ita
1211 2414 1399 2466 dixerim,
1420 2415 1648 2469 fabulones,

106 2483 152 2526 id
170 2488 235 2525 est
261 2483 332 2538 qui
359 2482 518 2524 fabulas
547 2495 674 2523 vanas
711 2481 955 2536 easdemque
993 2482 1134 2536 longas
1169 2483 1468 2538 perplexasque
1504 2489 1647 2525 conte-

106 2555 231 2605 xunt,
252 2555 337 2593 tam
362 2550 505 2592 multis
527 2550 640 2591 falsis
662 2549 920 2604 dogmatibus
941 2550 1052 2606 pleni
1075 2557 1194 2604 sunt,
1221 2556 1266 2593 ut
1295 2553 1372 2606 ipsi
1395 2565 1556 2606 quoque
1579 2552 1649 2593 illa

109 2633 325 2662 numerare
346 2633 428 2661 non
450 2619 624 2673 possint,
645 2623 716 2658 aut
736 2618 975 2661 difficillime
998 2620 1171 2674 possint.
1206 2619 1292 2661 Nec
1315 2619 1388 2659 ulli
1409 2619 1542 2661 alieno
1565 2619 1649 2661 ulla

179 2720 229 2754 14.
246 2720 321 2754 Hoc
339 2722 409 2754 loco
421 2721 574 2764 plerique
592 2719 688 2753 ,1155
708 2722 774 2752 ista
790 2723 1020 2764 ‘iuletymnnntt
1038 2721 1256 2753 Certissimus
1275 2719 1393 2760 homo,
1418 2720 1592 2753 studiosus
1611 2722 1647 2754 li-

110 2765 248 2800 brorum
264 2766 337 2800 eius
354 2766 525 2810 cognitor⁷
551 2765 591 2798 (10
608 2763 670 2797 hoc
688 2765 918 2810 interrogatus
935 2766 983 2798 ait
1007 2766 1120 2798 nescio
1138 2777 1239 2810 quem
1257 2766 1314 2810 qui
1331 2764 1417 2798 hanc
1435 2766 1563 2799 famam
1581 2766 1649 2799 dis-

110 2811 292 2845 seminavit
312 2812 462 2845 nescisse
486 2810 565 2855 quid
583 2810 716 2844 dixerit.
764 2810 851 2844 Nam
873 2811 914 2844 de
931 2810 1142 2851 haeresibus,
1158 2812 1279 2855 inquit,
1297 2811 1429 2844 nullum
1447 2812 1646 2855 opusculum

110 2860 248 2890 sanctus
264 2857 494 2900 Hieronymus
511 2855 671 2889 condidit.
718 2855 766 2888 Et
776 2862 1019 2901 prosequuntur
1036 2855 1133 2896 Quod
1145 2857 1174 2889 si
1186 2862 1222 2889 tu
1240 2857 1354 2889 scieris
1372 2862 1432 2890 etc.
1450 2856 1555 2889 Extat
1569 2857 1647 2889 lme-

111 2904 232 2936 reeium
251 2903 420 2936 indiculua
438 2902 637 2944 Hieronymi
653 2903 780 2934 nomine
790 2914 856 2946 per
873 2901 1049 2935 Claudium
1065 2901 1266 2935 Menardum
1279 2908 1356 2946 post
1370 2903 1553 2945 :luqzmtiui
1568 2915 1649 2947 ulans

110 2949 216 3026 agger
232 2953 338 2981 ectum
355 2949 531 2991 vulyatus;
554 2947 614 2980 secl
629 2947 832 2980 eruditorum
846 2951 1010 2980 sententia
1026 2949 1094 2990 ipsi
1110 2948 1339 2981 amuda-atur.
1364 2946 1522 2990 41300011.)
1596 2948 1645 2983 lb.

246 3004 328 3028 aem.
344 2999 378 3027 et
391 3005 500 3038 prope
522 3003 630 3025 omues
645 2991 743 3025 MSS.
767 2992 960 3026 AtLovau.
979 2993 1057 3026 edit.
1076 2993 1232 3036 perveni,
1249 2997 1285 3026 et
1299 3003 1365 3037 ego
1383 3003 1442 3036 per
1458 2998 1490 3023 10
1507 2992 1547 3025 ad
1567 2993 1646 3027 illud

110 3038 322 3080 perveniam,
344 3043 380 3071 et
397 3038 542 3073 forsitan
561 3037 704 3071 habebis
720 3037 845 3072 melius
861 3037 1002 3082 aliquid.
1029 3036 1188 3081 (Bened.)
