2052 3342
167 1118 231 1150 Cap.
253 1117 372 1143 XXXIX.

395 190 475 232 298
969 188 1350 220 rsnuno-nmnomr

396 298 534 333 tamen
555 305 697 333 omnes
719 305 765 332 ea
786 292 994 333 voluntate
1017 297 1154 346 vocet,
1180 296 1225 333 ut
1253 306 1393 334 omnes
1423 297 1645 347 sequantur
1672 294 1922 335 ¹vocantem.

397 360 477 402 Sed
499 374 574 402 1100
597 373 760 412 omnes,
789 362 857 414 qui
878 362 966 415 ipso
988 362 1214 415 inspirante
1236 360 1434 402 obediunt
1454 363 1677 414 vocationi,
1707 360 1924 402 2dicuntur

397 430 581 483 accipere
603 429 829 481 exequendi
852 430 894 469 111
916 429 1019 470 bono
1042 443 1162 483 opere
1183 431 1547 484 perseverantiam,
1569 430 1641 470 sed
1660 433 1755 484 post
1773 427 1924 470 multos

396 497 555 538 labores
584 501 624 536 et
650 498 828 537 iustitiae
859 498 1014 537 fructus
1043 499 1076 537 si
1106 511 1187 537 non
1216 502 1312 537 sunt.
1340 496 1388 537 de
1421 497 1710 538 salvandorum
1740 509 1925 549 numero,

396 564 696 606 subtrahendas
718 566 777 605 eis
798 566 905 605 vires
927 565 1086 617 agendi,
1107 579 1157 606 110
1178 564 1401 620 perdurent
1423 567 1462 605 111
1485 566 1605 617 bono,
1627 569 1667 606 et
1684 579 1704 606 e
1723 565 1941 606 contrario*

397 632 487 673 illos
509 634 578 686 qui
601 632 896 686 praedestinati
918 637 1013 673 sunt.
1034 633 1085 674 ad
1105 635 1230 674 vitam
1254 637 1478 685 aeternam,
1500 634 1624 673 etiam
1645 635 1737 674 siin
1754 632 1928 688 perfidia

395 700 460 742 vel
484 701 525 741 in
554 702 662 741 omni
691 714 838 753 genere
866 703 1020 755 peccati
1050 700 1168 751 longo
1196 706 1379 756 tempore
1407 701 1662 753 volutentur,
1688 704 1927 756 accepturos

397 771 654 809 occasionem
676 782 754 823 qua
777 774 816 809 et
838 769 1006 809 credant
1035 771 1076 810 111
1105 769 1227 809 deum
1255 774 1296 809 et
1322 769 1550 810 secundum
1578 768 1642 809 dei
1664 772 1929 824 praeceptum

397 839 552 889 vivant,
574 841 613 877 et
634 837 872 891 possideant
893 839 1131 878 societatem
1153 839 1364 878 iustorum.
1396 837 1487 878 Tali
1508 836 1771 878 3definitione
1794 837 1836 878 id
1853 836 1926 878 do-

398 920 488 946 cere
519 905 704 957 student,
737 905 843 959 quod
873 905 972 945 deus
1001 920 1194 960 personas
1223 906 1437 946 hominum
1465 907 1659 960 accipiat,
1690 905 1797 959 quod
1826 904 1927 945 alios

399 975 522 1014 etiam
544 973 695 1013 invitos
716 978 809 1027 post
830 973 957 1013 multa
978 974 1085 1014 mala
1106 988 1229 1028 opera
1245 974 1424 1014 attrahat
1440 974 1492 1014 ad
1508 973 1697 1026 salutem,
1718 973 1819 1014 alios
1835 976 1930 1028 post

401 1043 506 1083 110110
528 1043 698 1093 reiiciat,
721 1046 761 1081 et
783 1041 999 1095 compellat
1022 1043 1062 1082 111
1085 1042 1252 1094 malum,
1274 1056 1351 1095 quo
1374 1045 1545 1096 pereant
1566 1043 1608 1082 in
1629 1045 1857 1082 aeternum.

480 1110 712 1150 Nestoriani
736 1124 758 1149 a
779 1109 989 1150 Nestorio³¹
1011 1110 1461 1164 Constantinopolitano
1484 1111 1675 1165 episcopo
1692 1110 1932 1163 nuncupati,

399 1180 467 1232 qui
497 1179 658 1218 beatam
686 1179 888 1229 virginem
916 1178 1085 1218 Mariam
1111 1192 1193 1219 non
1223 1178 1308 1230 dei,
1339 1177 1411 1218 sed
1439 1178 1616 1219 hominis
1646 1176 1929 1218 tantummodo

399 1248 612 1287 ¹asse1·unt
637 1247 897 1297 genitricem,
925 1250 969 1285 ut
997 1245 1117 1286 aliam
1146 1260 1364 1300 personam
1393 1248 1548 1298 0011115,
1576 1246 1699 1286 aliam
1725 1244 1932 1286 2100010111

399 1315 576 1356 deitatis.
628 1314 710 1354 ‘Nec
739 1328 865 1354 111111111
889 1313 1096 1354 Christum
1122 1315 1163 1354 111
1192 1315 1316 1355 verbo
1346 1314 1411 1355 dei
1432 1318 1473 1354 et
1494 1328 1615 1355 carne
1637 1312 1830 1366 credidit,
1857 1311 1932 1353 sed

400 1383 620 1437 separatim
649 1387 771 1435 atque
807 1383 1024 1422 seiunctim
1056 1382 1229 1423 alterum
1260 1381 1415 1436 &iliam
1437 1384 1520 1434 clei,
1549 1383 1725 1423 alterum
1750 1381 1930 1422 hominis

398 1451 663 1507 praedicavit.
694 1450 927 1491 Nestoriani
951 1450 1091 1490 dieunt
1112 1454 1299 1491 sanctam
1318 1452 1521 1503 virginem
1537 1450 1706 1491 Mariam
1724 1449 1932 1491 Christum

398 1521 587 1573 genuisse
611 1533 689 1559 non
715 1519 854 1570 deum,
882 1518 992 1559 aliud
1021 1519 1205 1560 volentes
1235 1532 1325 1559 esse
1347 1519 1556 1560 Christum
1577 1532 1700 1572 quam
1721 1517 1863 1570 deum,
1889 1515 1931 1558 id

400 1592 462 1628 est
482 1587 681 1641 templum
699 1587 777 1639 dei,
799 1601 882 1627 non
900 1588 1034 1641 ipsum
1051 1587 1186 1639 deum,
1208 1591 1249 1627 et
1266 1587 1434 1642 speciali
1451 1586 1517 1628 dei
1533 1587 1664 1639 gratia
1679 1588 1737 1627 ita
1753 1586 1803 1627 ab
1821 1586 1933 1627 omni

400 1660 567 1711 peccato
587 1657 811 1696 immunem
823 1659 1043 1702 servatum,
1060 1660 1104 1696 ut
1120 1656 1264 1709 dignus
1275 1656 1475 1709 fueritqui
1491 1668 1703 1709 nunquam
1721 1654 1932 1695 deserere-

400 1729 467 1765 tur
483 1739 504 1764 a
523 1723 612 1776 deo,
631 1723 702 1765 sed
719 1737 878 1778 semper
893 1724 1210 1764 inhabitatorem
1223 1729 1263 1764 et
1275 1725 1579 1778 inoperatorem
1589 1722 1780 1764 habuerit
1797 1721 1933 1774 deum,

401 1807 480 1846 qua
510 1792 659 1833 fiducia
690 1796 855 1832 sanctae
888 1793 1207 1833 conversationis
1245 1792 1367 1833 deum
1403 1791 1616 1846 appellans
1650 1795 1812 1846 patrem
1844 1791 1933 1845 ipse

401 1874 559 1914 quoque
589 1862 664 1900 rito
691 1860 919 1914 appellatus
949 1862 1001 1900 sit
1028 1860 1148 1901 filius.
1204 1859 1473 1901 Adorandum
1501 1861 1626 1900 etiam
1654 1863 1694 1899 et
1715 1858 1936 1900 colendum

402 1929 628 1970 decernunt
648 1938 693 1968 ut
715 1928 850 1980 deum,
871 1928 933 1969 vel
957 1943 1048 1969 cum
1071 1929 1160 1981 deo,
1182 1942 1263 1969 non
1286 1932 1424 1969 tamen
1445 1942 1590 1969 verum
1612 1927 1755 1980 deum,
1777 1926 1851 1968 sed
1877 1928 1932 1968 si-

402 2000 470 2038 cut
500 2000 678 2037 statuam
708 1998 815 2049 regis
848 2001 888 2037 et
917 1997 1096 2050 legatum
1126 1998 1405 2051 imperatoris,
1441 2000 1606 2038 utentes
1635 2009 1829 2051 perverso
1862 2008 1934 2036 suo

400 2078 525 2106 501150
545 2064 719 2119 apostoli
741 2064 910 2117 dictum,
932 2065 1039 2119 quod
1061 2067 1134 2105 ait:
1155 2065 1267 2106 Deus
1290 2069 1376 2106 erat
1395 2066 1438 2106 in
1457 2064 1633 2117 Christo,
1653 2063 1855 2105 mundum
1869 2077 1934 2104 re-

403 2132 624 2174 concilians
647 2131 738 2172 sibi.
770 2133 875 2173 Hinc
899 2138 960 2173 est-
981 2133 1089 2186 quod
1110 2147 1195 2174 non
1213 2133 1386 2174 credunt
1404 2133 1527 2174 deum
1542 2134 1585 2173 in
1602 2132 1766 2174 homine
1784 2132 1833 2173 ad
1850 2137 1932 2173 410-

401 2201 681 2256 demptionem
701 2200 870 2241 humani
890 2202 1049 2253 generis
1071 2201 1135 2242 vel
1157 2206 1300 2242 natum
1320 2201 1386 2242 vel
1405 2215 1596 2256 passum,
1623 2201 1739 2242 nefas
1761 2214 1851 2242 esse
1873 2199 1935 2241 di-

402 2273 540 2311 centes
563 2268 672 2309 credi
700 2268 916 2309 mulierem
945 2271 1192 2310 anteriorem
1222 2283 1265 2310 se
1293 2270 1358 2311 vel
1386 2269 1498 2310 aliud
1526 2283 1650 2323 quam
1678 2283 1742 2322 se,
1769 2269 1846 2310 hoo
1875 2272 1939 2310 est

402 2337 513 2379 aliud
535 2351 657 2398 quam
678 2336 899 2390 hominem,
920 2339 1124 2391 genuisse,
1146 2342 1216 2378 aut
1236 2339 1287 2379 ab
1309 2338 1544 2380 hominibus
1567 2337 1688 2379 deum
1710 2337 1842 2379 occidi
1861 2351 1935 2392 po·

401 2407 545 2458 tuisse,
567 2404 640 2446 sed
659 2404 868 2446 hominem
888 2406 1153 2447 innocentem
1175 2411 1215 2447 et
1232 2407 1518 2462 fidelissimum
1535 2405 1600 2447 dei
1615 2405 1798 2447 testandi
1814 2419 1938 2447 00050

403 2474 455 2515 ad
484 2472 718 2529 exemplum
744 2475 929 2527 martyrii
955 2473 1133 2515 humano
1164 2476 1305 2528 generi
1330 2474 1618 2527 tribuendum,
1652 2475 1741 2529 ipso
1772 2473 1936 2515 domino

402 2542 591 2583 tradente
614 2545 654 2582 et
672 2541 937 2597 permittente
960 2544 1154 2583 occisum.
1205 2542 1324 2584 Unde
1354 2546 1395 2583 et
1423 2542 1593 2583 ⁵merito
1615 2542 1746 2584 bonae
1765 2542 1875 2583 vitae
1897 2545 1939 2582 et

470 2632 550 2677 Cap.
566 2631 763 2666 XXXVIII.
780 2652 824 2656 —-
843 2632 871 2666 1.
890 2642 1007 2665 vocem
1025 2631 1109 2664 eius.
1135 2631 1202 2665 Sed
1220 2633 1327 2665 edidit
1340 2631 1535 2665 Sir-mondus
1552 2633 1607 2672 (ex
1624 2632 1754 2672 codice,
1772 2633 1808 2663 ni
1814 2631 1937 2674 fallor,

402 2680 508 2711 vetera*
530 2690 586 2711 ms.
603 2678 664 2711 Sti.
691 2678 836 2710 Victoris
851 2678 980 2720 Paris.)
1004 2677 1093 2710 Hz'st.
1112 2677 1362 2711 Praeclestc'nat.
1381 2685 1456 2722 cap.
1476 2677 1506 2710 6.
1583 2677 1613 2711 2.
1631 2677 1749 2710 dicunt
1770 2675 1936 2709 sirmond.

402 2723 434 2757 3.
455 2722 657 2756 diffinitione
674 2723 763 2755 Men.

471 2768 551 2813 Cap.
568 2768 737 2802 XXXIX.
756 2789 799 2793 —
830 2768 856 2801 1.
875 2767 1021 2801 asseruit
1038 2768 1162 2802 Isz'clor.
1246 2768 1277 2802 2.
1294 2767 1422 2801 faceret
1439 2768 1563 2802 Isz'dor.
1643 2766 1676 2800 3.
1701 2766 1810 2800 Verba
1827 2765 1938 2799 filium

405 2814 467 2855 dei,
486 2815 631 2847 alterum
649 2814 846 2846 esc-iderant
861 2826 876 2845 0
889 2814 1049 2846 Menardi
1065 2813 1160 2845 libro.
1184 2812 1345 2857 Supplew'
1361 2825 1400 2846 ea
1415 2825 1454 2846 ex
1467 2814 1610 2847 Isidoro,
1657 2812 1688 2845 4.
1705 2810 1937 2856 redemptione

404 2859 492 2892 Men.
561 2859 593 2892 5.
609 2859 729 2892 merito
748 2870 815 2902 eyo.
833 2859 992 2892 meritum
1010 2858 1097 2892 Men.
1115 2869 1174 2902 per
1190 2859 1350 2891 meritum
1369 2859 1506 2892 Coteler.
1521 2859 1542 2892 l.
1557 2859 1578 2892 l.
1586 2869 1624 2902 p.
1639 2855 1714 2889 786.

450 2938 531 2982 Cap.
549 2937 717 2971 XXXIX.
732 2958 774 2962 —
787 2948 816 2970 a.
835 2937 1027 2971 Nestor-iani
1041 2947 1058 2970 a
1072 2936 1102 2970 N
1106 2948 1137 2969 0-
1206 2938 1299 2971 nadii
1315 2941 1405 2979 sunt,
1422 2937 1481 2971 sed
1495 2935 1625 2976 Isidori,
1642 2935 1732 2980 apud
1750 2945 1852 2980 quem
1863 2936 1939 2981 ipsa

405 2984 522 3028 storio]
547 2983 639 3016 Haec
661 2983 766 3016 verba
788 2994 897 3027 usque.
920 2983 961 3015 ad
976 2984 1035 3016 1110
1054 2982 1138 3023 ,,Νο-
1207 2984 1368 3027 leguntur
1385 2983 1503 3026 Origg.
1523 2980 1619 3022 VIII„
1635 2980 1666 3022 5,
1685 2980 1736 3014 64.

406 3028 548 3062 storiani
561 3028 677 3062 dicunt
690 3028 864 3061 sanctam”
878 3032 955 3063 cett.
971 3040 1038 3062 uon
1050 3028 1137 3062 Gen-
