2052 3374
606 177 803 204 mmet-Lus
822 177 873 203 DE
891 176 1131 203 HAEREsrBus.
1555 176 1633 217 293

98 283 339 326 Montanum
360 287 401 324 et
420 283 611 324 8insanos
629 284 715 324 eius
733 288 846 323 vates
862 283 1034 338 periisse
1055 281 1070 305 ⁹
1082 279 1319 336 suspendio,
1341 283 1382 320 et
1395 277 1526 320 multa
1541 277 1635 331 alia,

99 352 143 394 in
175 352 323 406 quibus
354 351 444 392 ¹⁰de
472 351 615 393 Prisca
646 356 684 392 et
705 351 929 393 Maximilla
960 350 1142 391 ¹¹refert:
1179 349 1222 390 Si
1251 351 1404 403 negant
1423 348 1634 403 accepisse

98 433 284 474 munera,
306 420 577 462 confiteantur
597 434 679 462 non
701 433 790 461 esse
807 419 1028 475 prophetas
1046 419 1115 473 qui
1131 419 1353 473 accipiunt,
1374 421 1414 458 et
1428 415 1540 458 mille
1555 415 1633 457 hoc

98 488 276 530 testibus
297 488 544 544 approbabo.
586 488 668 530 Sed
689 492 730 529 et
749 502 800 529 ex
820 488 910 529 aliis
931 487 1131 528 fructibus
1151 486 1378 541 probantur
1396 484 1632 541 prophetae.

97 557 174 598 Dic
195 557 312 611 mihi,
333 556 529 598 ¹2crinem
550 557 661 598 fucat
680 554 903 612 propheta?
925 555 1047 596 stibio
1066 554 1202 596 oculos
1222 553 1341 596 linit?
1361 553 1561 609 propheta
1582 553 1635 595 ad

97 625 259 668 tabulas
280 625 386 666 ludit
406 630 448 666 et
468 625 498 650 ¹³
507 623 701 666 tesseris?
728 624 930 680 propheta
950 623 1070 665 fenus
1092 621 1307 678 ¹4accipit?
1342 622 1635 678 Respondeant

96 697 236 735 utrum
254 693 356 736 haec
377 694 466 735 fieri
487 694 623 747 liceat,
652 707 706 734 an
724 707 820 735 non.
870 693 1009 734 Meum
1037 696 1100 733 est
1118 691 1290 747 probare
1319 692 1414 746 quia
1433 691 1642 732 fecerunt.

182 762 450 817 ¹Artotyritae
467 764 510 803 in
528 763 681 803 sanctis
696 762 903 819 myster'ss
921 762 1005 802 suis
1023 761 1074 802 ad
1089 762 1223 801 vicem
1240 760 1508 801 eucharistiae
1525 773 1632 815 pane

97 834 269 888 utuntur
289 834 330 872 et
351 845 482 884 caseo,
504 829 689 872 dicentes
709 845 733 871 a
753 832 896 885 prim1s
915 829 1153 871 hominibus
1176 828 1426 870 oblationem
1445 842 1468 869 a
1487 829 1631 870 fructi-

96 899 174 941 bus
194 903 328 941 terrae
350 903 390 940 et
411 913 435 940 a
454 899 657 941 fructibus
679 900 816 940 ovium
836 898 963 939 fuisse
986 897 1236 938 celebratam
1245 903 1271 938 ³.

177 967 382 1009 Elvidiani
402 968 553 1010 ¹novae
573 969 720 1023 spiritu
739 968 1020 1022 perversitatis
1042 965 1206 1020 decepti
1224 965 1273 1006 de
1295 969 1461 1006 sanctae
1480 965 1633 1007 Mariae

95 1035 224 1090 gloria
243 1035 398 1090 aliquid
417 1040 583 1090 negant,
604 1035 759 1090 aliquid
781 1035 1041 1087 confitentur,
1062 1034 1260 1086 dicentes,
1279 1034 1402 1087 Virgo
1423 1038 1517 1074 ante
1538 1048 1632 1089 par-

95 1108 199 1157 tum,
219 1118 304 1146 non
321 1106 435 1159 virgo
455 1108 548 1160 post
567 1108 743 1160 partum.

180 1173 467 1215 ¹Iovinianusa
493 1176 534 1214 et
559 1173 790 1214 Auxentius
817 1172 969 1213 Romae
997 1172 1102 1213 hanc
1134 1172 1417 1226 perversitatis
1438 1185 1535 1213 suae
1557 1185 1631 1213 no-

94 1255 190 1284 vam
208 1243 473 1284 inseruerunt
503 1241 746 1294 doctrinam,
775 1241 959 1282 (licentes
981 1240 1139 1282 nullam
1165 1239 1414 1296 ‘⁶'nuptarum
1440 1244 1481 1281 et
1505 1241 1631 1294 virgi-

94 1325 196 1353 num
223 1324 314 1353 esse
341 1310 600 1363 distantiam,
628 1310 868 1364 nullumque
903 1311 1011 1350 inter
1038 1310 1294 1351 abstinentes
1323 1314 1363 1350 et
1390 1308 1632 1364 simpliciter

96 1379 312 1436 epulantes
333 1393 423 1421 esse
445 1379 681 1432 discrimen,
694 1379 956 1434 ,proferentes
979 1380 1103 1419 etiam
1122 1378 1234 1419 istud
1255 1377 1502 1433 exemplum,
1524 1377 1632 1432 quod

95 1450 138 1490 in
157 1449 288 1490 veteri
305 1451 555 1490 testamento
577 1449 711 1489 sancti
740 1449 1003 1488 matrimonia
1023 1446 1278 1499 habuissent,
1305 1446 1410 1488 filios
1437 1460 1630 1500 generas-

97 1520 210 1570 sent,
236 1530 313 1558 nec
340 1530 463 1572 posse
491 1515 794 1570 3virginitatem
819 1516 1045 1571 praeferre,
1072 1529 1122 1557 ne
1143 1529 1271 1557 vacua
1289 1517 1343 1556 sit
1363 1515 1507 1571 copula
1528 1529 1630 1570 quae

96 1587 240 1641 genuit
257 1584 451 1639 4gloriam
470 1584 776 1640 prophetarum.

177 1653 624 1709 Anthropomorphitae
665 1653 807 1694 dicunt
847 1653 994 1694 iisdem
1035 1653 1336 1695 ¹membrorum
1370 1653 1631 1695 lineamentis

96 1722 219 1765 deum
246 1722 396 1777 quibus
421 1722 543 1764 homo
572 1726 634 1763 est
662 1723 936 1777 compositum
963 1721 1190 1776 designari,
1217 1727 1257 1763 et
1279 1721 1506 1765 secuudum
1524 1722 1630 1764 hanc

94 1793 335 1846 imaginem,
363 1793 405 1832 in
426 1789 442 1815 2
450 1805 531 1846 qua
550 1790 827 1844 ambulamus,
858 1790 980 1832 deum
1001 1791 1180 1832 similem
1200 1790 1356 1833 homini
1377 1805 1467 1833 esse
1489 1791 1629 1833 existi-

93 1864 221 1902 mant.

176 1928 410 1970 Heraclitae
420 1935 446 1970 ².
498 1927 735 1970 ¹Heraclius
757 1932 898 1970 auctor
924 1930 1107 1984 ipsorum
1129 1928 1232 1970 dixit
1252 1931 1309 1970 ita
1332 1942 1421 1971 esse
1444 1929 1493 1971 de
1513 1934 1630 1986 patre

94 1997 237 2050 filium,
262 1996 376 2038 velut
395 1997 608 2039 lucernam
635 1997 684 2039 de
705 1997 885 2049 lucerua,
913 2002 958 2038 ut
984 1997 1217 2053 lampadem
1237 2000 1280 2040 in
1303 1998 1403 2040 duas
1430 1997 1631 2041 ²divisam

160 2086 191 2122 8.
207 2087 349 2122 insanos
371 2087 445 2121 eius
466 2091 569 2121 vates-
589 2087 726 2122 Coteler.
743 2087 763 2120 l.
777 2088 797 2122 l.
820 2087 981 2121 insanum
1005 2088 1077 2121 eius
1100 2093 1214 2122 vatem
1237 2089 1325 2122 Men.
1395 2089 1425 2124 9.
1448 2089 1630 2135 suspendio

96 2133 234 2167 Coteler.
248 2134 270 2166 l.
284 2134 305 2167 Ι.
323 2133 606 2178 ᾱὶερειιᾶίσΜεη.
678 2133 728 2166 10.
746 2133 786 2166 de
802 2132 916 2166 Prisca
934 2133 1070 2167 Coteler.
1085 2135 1106 2168 l.
1120 2136 1141 2169 l.
1157 2134 1272 2169 Prisca
1290 2135 1378 2168 Meu.
1450 2135 1498 2168 11.
1516 2135 1630 2170 refert.

93 2178 133 2213 Si
149 2178 286 2212 Coteler.
300 2179 356 2212 l.l.
378 2178 501 2212 referet
523 2189 559 2212 se
576 2179 664 2212 Men.
744 2178 793 2213 12.
817 2179 945 2212 crinem
961 2178 1055 2213 fucat
1070 2179 1259 2225 propheta?
1277 2181 1378 2214 stibio
1397 2181 1512 2214 oculos
1530 2181 1629 2215 linit?

95 2223 234 2304 {lp-telem
254 2225 275 2257 I.
289 2225 310 2257 l.
318 2224 465 2302 ffimen,
488 2223 587 2269 fugat
603 2223 788 2269 Prophetas
808 2224 869 2258 tibi
889 2225 1006 2258 oculus
1030 2225 1122 2259 linet.
1147 2226 1234 2260 Men.
1308 2225 1358 2261 13.
1375 2230 1524 2260 tesserns
1541 2226 1628 2260 Men.

163 2279 243 2304 acce
268 2270 320 2303 iti
349 2281 398 2304 en.

159 2281 340 2360 Cap.pXX.
357 2335 400 2340 —
420 2316 447 2348 l.
465 2315 631 2349 Artotitae
648 2315 736 2349 Men.

161 2360 242 2406 Gap.
258 2360 358 2395 XXI.
376 2381 419 2385 —
439 2361 467 2394 1.
483 2371 593 2394 novae
611 2373 678 2404 eqo.
696 2361 777 2394 novi
792 2361 880 2396 Men.

159 2405 241 2452 Cap.
257 2405 371 2440 XXII.
388 2427 433 2431 —
451 2406 480 2439 1.
497 2406 694 2440 Iovinianus
712 2418 781 2450 eqo.
800 2406 950 2441 Iulianus
967 2408 1055 2441 Jleu.
1112 2409 1140 2442 2.
1159 2410 1357 2455 nuptiarum
1373 2410 1460 2443 Men.
1519 2409 1549 2443 3.
1565 2410 1627 2443 vir-

93 2452 237 2498 gInitate
253 2452 342 2485 Men.
410 2452 442 2484 4.
460 2452 570 2496 gloria
586 2452 675 2486 Men.

161 2496 243 2543 Cap.
259 2496 390 2531 XXIII.
410 2517 453 2521 —
473 2498 500 2530 1.
517 2498 733 2531 memborum
749 2497 837 2534 Men.
909 2499 939 2532 ·2.
957 2510 1061 2544 quam
1076 2500 1164 2534 Men.

159 2541 242 2588 Cap.
257 2542 386 2577 XXIV.
405 2562 448 2566 —
468 2543 495 2577 1.
512 2543 677 2576 Heraclus
693 2544 781 2578 Men.
853 2543 882 2579 2.
901 2545 1026 2579 divisas
1043 2546 1132 2580 chn.

137 2621 219 2668 Cap.
241 2621 324 2656 XX.
348 2643 391 2647 —-
427 2632 457 2655 a.
475 2621 582 2655 fuisse
606 2622 825 2666 celebratam]
895 2625 1055 2658 crimem*
1087 2624 1136 2658 Cf.
1160 2625 1356 2669 Hieronym.
1379 2625 1462 2658 Adv.
1487 2625 1581 2659 Iovin
1605 2626 1627 2667 Ι,

92 2666 220 2702 Eadem
235 2667 339 2702 verba
363 2668 450 2712 legis
467 2667 557 2712 apud
573 2666 691 2701 Isidor.
709 2667 826 2713 Origg.
895 2682 927 2715 p.
950 2670 1034 2710 146..
1049 2670 1210 2710 tonrlv„
1227 2682 1259 2715 p.
1281 2670 1352 2703 146.
1371 2669 1455 2715 opp.
1473 2670 1524 2704 ed.
1542 2670 1625 2704 Ben.

92 2711 179 2755 vm,
194 2712 226 2755 5,
243 2712 298 2747 22.
939 2715 1020 2761 Cap.
1042 2715 1169 2748 XXIV.
1193 2736 1234 2740 —
1263 2726 1292 2749 a.
1315 2716 1519 2758 Heraclitae]
1555 2715 1627 2757 „Ex

893 2760 1033 2794 Hieras-e
1057 2772 1116 2794 seu
1133 2760 1274 2794 Hieraca
1300 2766 1332 2794 et
1349 2761 1524 2794 Hieracitis
1539 2761 1628 2795 fece-

138 2802 220 2849 Gap.
236 2803 349 2837 XXII.
366 2824 409 2829 —
423 2814 452 2838 a.
471 2803 682 2848 Iovinianus]
710 2803 826 2838 isidor.
893 2811 973 2839 runt
995 2806 1208 2839 oscitabundi
1232 2807 1357 2840 librarii
1380 2807 1489 2852 primo
1512 2806 1628 2840 Hiera-

94 2847 212 2901 Origg.
229 2848 316 2891 VIII,
333 2848 365 2890 5,
381 2849 435 2883 56.
463 2849 687 2891 „Ioviniastae
705 2860 724 2882 a
741 2849 825 2883 lovi·
894 2851 993 2885 eham
1011 2856 1042 2884 et
1060 2850 1286 2893 Hieracffitas,
1307 2858 1426 2897 postea
1450 2852 1627 2886 Heraclam

93 2904 196 2928 mano
213 2894 361 2939 quodam
377 2894 546 2928 monacho
569 2895 750 2934 nominati,
773 2906 826 2928 as·
894 2903 953 2930 aut
976 2897 1156 2930 Heraclum
1179 2901 1212 2930 et
1234 2897 1455 2932 Heraclitas.’'
1485 2897 1626 2932 Coteler.

93 2943 244 2974 serentes
258 2940 390 2974 nullam
405 2944 590 2986 nuptarum
607 2945 640 2972 et
656 2940 824 2984 virginum
894 2942 984 2975 Eccl.
1004 2941 1060 2975 Gr.
1077 2942 1230 2976 Manum.
1248 2942 1273 2978 I.
1306 2954 1338 2987 p.
1365 2942 1438 2977 780.
1462 2942 1556 2976 Idem
1577 2944 1626 2977 vi-

93 2995 169 3018 esse
185 2985 393 3026 distantiam,
410 2986 608 3029 nullumque
625 2986 710 3018 inter
724 2986 827 3019 absti-
894 2989 978 3021 tium
997 2988 1145 3021 obtinuit
1160 2989 1250 3033 apud
1268 2988 1384 3022 Isidor.
1405 2988 1523 3033 Origg.
1541 2988 1627 3029 vm,

93 3033 212 3064 nentes
228 3034 262 3065 et
277 3031 477 3076 simpliciter
485 3033 660 3076 epulantes
671 3042 744 3064 esse
761 3031 826 3064 dis·
894 3032 926 3065 ἶ).
941 3032 993 3066 33.

1657 767 1724 800 Cap.
1741 767 1797 792 XX.

1659 973 1724 1006 Cap.
1744 973 1815 998 XXI.

1657 1179 1723 1211 eap.
1741 1178 1827 1203 xm.

1655 1668 1722 1702 Cap.
1740 1669 1841 1694 xxm

1656 1944 1720 1977 Cap.
1741 1945 1837 1969 XXIV.
