2052 3342
1046 172 1243 198 PmLASTm

382 176 458 217 184

382 282 423 320 et
444 278 522 319 duo
544 277 738 317 animalia
759 275 1029 328 intelligenda
1049 282 1162 327 sunt,
1181 277 1423 317 mandatum
1443 279 1624 331 primum
1651 275 1759 330 quod
1781 275 1922 317 datum

382 352 487 397 osv,
515 345 624 399 quod
650 350 689 384 et
711 345 930 399 spiritalew
953 350 1088 400 potest
1117 344 1313 397 intelligi⁷
1343 348 1386 384 ut
1414 346 1614 399 scriptum
1635 348 1722 397 est,
1753 343 1863 398 quod
1884 346 1925 384 et

382 414 559 455 salvator
580 428 662 454 non
683 414 825 465 solvit,
854 413 925 453 sed
948 414 1208 453 confirmavit
1230 414 1403 466 potius-¹,
1424 413 1651 454 seeundum
1673 417 1812 453 autem
1833 412 1923 452 ani-

381 482 461 523 mal
483 481 713 522 doctrinam
736 482 902 533 (ln-isti,
927 481 966 522 id
989 486 1051 521 est
1074 481 1195 521 tidem
1217 482 1304 521 eius
1327 484 1368 521 et
1387 482 1561 533 gratiam
1583 480 1924 536 incorporationis

383 556 424 590 ot
443 552 682 591 testamenti
702 552 990 604 passionisque
1012 551 1100 589 eius
1117 555 1157 589 et
1178 550 1491 590 resurrectionis
1518 550 1763 603 mysterium
1791 549 1924 589 conti-

383 619 518 659 nebat.
570 618 690 660 L'nde
712 618 778 658 lex
801 618 961 658 litterae
972 625 987 649 5
1011 619 1053 658 in
1081 617 1216 658 medio
1248 622 1311 658 est
1339 619 1473 672 posita
1494 619 1601 658 inter
1621 616 1865 674 mandatum
1887 619 1929 656 et

381 689 574 740 grat-iam.
598 700 700 740 quae
723 688 756 726 si
779 686 1043 739 intelligitur,
1073 686 1122 727 de
1145 686 1306 727 Christo
1331 689 1612 726 consentanea
1631 686 1676 726 in
1694 685 1836 726 multis
1858 698 1926 725 ae·

383 757 550 809 cipitur:
574 757 607 795 si
629 763 766 795 autem
790 756 830 794 in
853 754 1006 795 carnali
1026 756 1317 795 iustificatione
1335 755 1427 807 quis
1445 753 1597 794 salvari
1612 755 1833 809 putaverit,
1853 753 1927 794 ab·

384 823 562 866 iit-lenda
584 823 839 874 decernitur,
861 837 952 864 cum
976 823 1025 863 de
1047 828 1163 877 patre
1188 827 1228 863 et
1250 823 1332 863 filio
1355 826 1396 862 et
1417 826 1559 863 saneto
1583 823 1731 877 spiritu
1752 818 1928 862 ante'le·

384 906 496 946 gem,
527 891 565 931 id
589 897 652 931 est
672 896 766 931 aute
795 893 871 931 tria
899 891 1014 931 milia
1041 904 1243 932 annorum
1272 895 1312 930 et
1333 892 1618 945 septingentos
1640 895 1810 942 annosz,
1830 889 1929 930 iusti

385 962 540 1014 priores
563 959 621 999 illi
645 960 720 999 sul)
742 959 935 1000 mandato
959 961 1146 1000 viventes
1169 974 1215 999 ae
1241 959 1403 999 beatam
1422 960 1655 999 trinitatem
1684 957 1870 999 colentes
1891 960 1932 998 et

386 1030 471 1069 suis
496 1028 588 1068 liliis
613 1028 821 1068 tradentes
844 1029 1109 1081 cognatisque
1129 1032 1167 1067 et
1190 1027 1316 1068 seculi
1335 1026 1646 1081 praedicabant,
1666 1026 1931 1079 mysterium-

386 1110 463 1150 que
503 1096 655 1137 Christi
687 1096 841 1136 domini
881 1096 927 1136 de
960 1097 1049 1150 ipso
1082 1096 1274 1136 mamiato
1308 1095 1596 1147 antiquissimo
1627 1092 1931 1134 2⁵nuntiabant.

385 1165 469 1206 Lex
493 1166 627 1217 itaque
651 1164 875 1204 admonitio
899 1164 1082 1204 mandati
1106 1169 1212 1215 (κη-Η,
1235 1177 1337 1217 quae
1361 1167 1401 1203 et
1422 1163 1684 1215 coniungitur
1705 1161 1933 1203 seeundum

387 1233 536 1275 sidemb
558 1233 752 1273 colendae
774 1234 986 1278 trinitatis.
1009 1236 1050 1272 et
1071 1234 1220 1272 iterum
1242 1235 1485 1286 separantur
1507 1230 1710 1285 quaedam
1731 1231 1818 1271 eius
1839 1243 1933 1285 pro-

387 1307 479 1358 pter
503 1302 706 1341 ludaieam
738 1306 778 1340 et
807 1300 1013 1341 carnalem
1045 1302 1401 1351 iustitie-ationem⁷
1432 1313 1525 1340 eum
1553 1303 1594 1339 et
1620 1299 1844 1353 prophetae
1865 1297 1936 1338 illa

389 1371 667 1410 destruxerint
687 1378 808 1410 antea
830 1374 870 1409 et
898 1369 1075 1410 salvator
1097 1369 1294 1410 abiecerit
1322 1373 1362 1409 et
1389 1367 1565 1422 apostoli
1593 1368 1825 1408 vetum-inte
1854 1368 1934 1408 011·-

390 1438 565 1480 cumcidi
588 1439 788 1479 homines.
841 1438 924 1478 Lex
954 1439 1090 1492 itaque
1121 1437 1169 1477 de
1194 1436 1387 1478 mandato
1418 1450 1542 1477 eausa
1570 1439 1739 1489 cogente
1761 1434 1935 1476 carnalid

391 1507 605 1550 descendit
626 1507 677 1547 ad
699 1512 876 1562 tempus,
897 1508 1027 1559 gratia
1043 1511 1182 1547 autem
1204 1506 1372 1558 Christi,
1392 1504 1435 1546 id
1456 1508 1520 1546 est
1538 1505 1784 1558 mysterium
1798 1505 1935 1545 incor-

480 1631 534 1666 21).
552 1631 756 1665 nuntiabant
775 1631 818 1664 A.
842 1630 1064 1665 nuntiabatur
1082 1632 1210 1675 reliqni.

389 1746 510 1781 Mosen
535 1751 564 1778 et
591 1745 700 1779 Eliam
723 1746 756 1778 111
781 1749 896 1778 moute
914 1743 1050 1778 Thabor
1068 1745 1126 1778 ad-

391 1797 520 1826 stantes
545 1791 678 1825 Christo
703 1791 824 1824 Matth.
848 1790 955 1824 xvii.
979 1790 1010 1822 3.
1034 1791 1126 1823 vide-

389 1846 469 1872 runt
485 1838 632 1882 apostoli
647 1837 777 1877 Petrus,
795 1836 938 1869 Iacobus
957 1842 987 1867 et
1006 1836 1127 1870 Iohan-

392 1896 460 1923 nes,
484 1883 573 1915 unde
598 1882 685 1915 hane
709 1883 749 1914 de
775 1882 901 1926 duplici
921 1886 1126 1915 testamento

389 1930 475 1969 leg—ris·
493 1932 522 1961 et
543 1927 785 1972 prophetarum
809 1938 993 1971 anagogen
1015 1927 1126 1960 Phila-

391 1976 493 2008 strius
513 1975 653 2017 colligit.
702 1974 775 2016 (F.)

435 2043 467 2064 u.
498 2031 640 2064 rationis
665 2030 742 2072 erit]
780 2029 836 2062 Sic
866 2040 969 2074 supra
998 2040 1026 2062 c.
1056 2030 1126 2063 146.

393 2084 446 2117 „ut
464 2090 539 2119 131·an
558 2082 605 2108 est
621 2076 793 2108 rcttc'uttt'ss’
841 2075 914 2118 (F.)

436 2145 466 2166 v.
491 2133 693 2166 mandatum
715 2132 865 2177 primum
896 2132 984 2176 quod
1011 2133 1129 2165 datum

391 2181 458 2221 est]
488 2178 697 2211 Oeconomia
713 2178 955 2210 Antemosaica
971 2178 1128 2222 frequen-

391 2230 441 2257 ter
466 2225 529 2257 sub
547 2224 701 2257 mandati
725 2223 864 2256 nomine
893 2224 986 2255 venit
1010 2228 1127 2257 nostro

391 2270 559 2314 scriptori,
579 2275 615 2302 ut
631 2275 749 2302 notare
767 2280 821 2301 me
838 2269 979 2301 memini
995 2269 1038 2302 ad
1056 2280 1127 2313 cap.

396 2316 468 2350 los).
491 2314 564 2349 133.
586 2314 658 2347 144.
679 2314 752 2347 146.
770 2318 803 2346 et
822 2313 895 2345 145.
943 2314 1017 2355 (F.)

438 2384 477 2405 w.
502 2372 593 2416 quod
617 2374 650 2404 et
673 2370 839 2425 spiritale]
869 2370 967 2402 Rom.
985 2370 1057 2404 VII.
1080 2371 1130 2404 14.

395 2417 455 2462 „U
473 2418 571 2462 νόμος
589 2416 800 2461 πνευματικός
818 2415 933 2447 err-„vn”
981 2416 1056 2456 (F.)

437 2487 472 2509 x.
490 2486 559 2507 non
572 2474 684 2514 solvit,
701 2472 761 2506 sed
774 2471 990 2505 confirmavit
1001 2473 1132 2516 potius]

393 2519 564 2556 Matth.V.
578 2519 629 2552 17.
656 2517 724 2560 „0:⁸1
739 2517 930 2559 καταλῦσαι,
948 2515 1032 2549 ἀλλὰ
1049 2517 1131 2559 πλη-

416 2565 529 2598 ῶσαι.”
577 2564 652 2605 (F.)

438 2623 473 2656 y.
498 2612 555 2645 lex
570 2611 719 2652 litterae]
731 2609 803 2642 Lex
817 2609 952 2653 scripta,
968 2608 1133 2643 Mosaica.

398 2657 492 2701 [Tria
507 2661 578 2689 tem
604 2666 664 2689 ora
680 2655 862 2699 distinguit
885 2654 989 2687 etiam
1012 2653 1046 2686 S.
1065 2654 1132 2687 Au-

396 2702 555 2748 gustinus
573 2702 680 2733 Germ.
692 2700 776 2741 110„
794 2711 902 2733 unum
914 2702 992 2732 ante
1008 2699 1132 2744 legem,

397 2750 545 2782 alterum
566 2747 630 2779 sub
646 2746 740 2789 lege,
762 2746 903 2778 tertium
924 2745 987 2778 sub
1010 2745 1132 2790 gratia.

398 2794 455 2828 Sic
472 2796 506 2825 et
520 2793 647 2826 Auctor
663 2791 827 2828 librorum
844 2791 883 2824 de
896 2789 1133 2824 Promissioni-

399 2840 461 2873 bus
477 2839 564 2871 inter
587 2836 623 2870 S.
638 2836 797 2880 Prosperi
813 2835 934 2880 Opera.
973 2835 1132 2880 Pelagius

398 2883 505 2929 praef.
521 2883 565 2916 ad
579 2882 749 2927 Epistolas
765 2881 864 2914 Pauli
885 2881 1065 2925 distinguit
1087 2881 1133 2914 le-

401 2940 481 2974 gem
494 2932 648 2969 naturae,
662 2928 777 2971 legem
791 2927 932 2967 litterae,
950 2931 984 2961 et
999 2927 1134 2961 tertiam

399 2976 515 3018 legem
537 2973 660 3007 veteris
683 2972 832 3017 novique
856 2972 1054 3006 testamenti
1074 2983 1134 3017 per

403 3020 560 3064 spiritum
575 3021 733 3054 sanetum
743 3017 929 3052 novissime
945 3017 1060 3052 datam
1074 3028 1135 3063 per

1194 1745 1310 1778 Iesum
1347 1743 1521 1778 Christum
1559 1741 1738 1776 dominum
1768 1745 1936 1783 nostrum,

1195 1802 1256 1835 per
1273 1801 1376 1834 quem
1391 1788 1558 1823 habemus
1575 1798 1754 1821 accessum
1769 1787 1805 1821 in
1825 1788 1938 1832 gratia

1196 1838 1263 1870 ista
1279 1837 1314 1869 111
1333 1846 1401 1880 qua
1417 1839 1550 1868 stamus
1568 1837 1603 1867 et
1619 1833 1818 1878 gloriamur.
1843 1832 1938 1868 Idem

1196 1882 1356 1925 Pelagius
1384 1881 1499 1924 legem
1528 1879 1660 1912 litterae
1694 1890 1756 1924 pro
1783 1879 1938 1912 Mosaica

1198 1928 1335 1972 saepius
1358 1927 1454 1971 ponit
1478 1925 1711 1959 Commentar.
1726 1924 1763 1958 in
1779 1924 1878 1959 Rom.
1896 1924 1935 1958 ΙΙ.

1196 1973 1268 2016 nr]
1317 1973 1392 2014 (F.)

1242 2041 1271 2064 z.
1298 2032 1378 2063 ante
1393 2028 1460 2062 tria
1472 2028 1567 2062 milia
1580 2038 1750 2061 annorum
1763 2030 1798 2060 et
1809 2027 1938 2072 septin-

1198 2079 1321 2121 gentos
1345 2076 1468 2117 annos]
1508 2074 1574 2107 Tot
1595 2073 1677 2107 anni
1699 2084 1744 2106 ex
1766 2072 1940 2106 Philastrii

1198 2121 1330 2154 calculo
1355 2118 1522 2153 effluxere
1545 2120 1588 2153 ab
1619 2119 1702 2152 orbe
1723 2119 1861 2152 condito
1883 2129 1938 2152 us-

1199 2178 1265 2212 que
1283 2166 1325 2199 ad
1342 2166 1459 2199 <latam
1469 2165 1585 2209 Moysi
1596 2165 1722 2209 legem.
1748 2163 1834 2198 Vide
1851 2174 1940 2209 quae

1199 2223 1302 2257 supra
1321 2211 1363 2245 ad
1381 2222 1455 2256 cap.
1476 2211 1549 2245 109.
1569 2214 1604 2243 et
1622 2210 1695 2243 111.
1758 2209 1833 2251 (F.)

1243 2279 1272 2302 a.
1289 2268 1363 2302 Lex
1375 2269 1492 2312 itaque
1505 2267 1692 2301 admonitio
1706 2265 1862 2300 mandati
1874 2268 1941 2310 est]

1198 2314 1271 2348 Lex
1287 2314 1411 2358 repetit
1427 2314 1538 2347 denuo
1564 2315 1597 2346 et
1612 2312 1648 2345 in
1670 2311 1874 2346 memoriam
1887 2323 1939 2346 re-

1199 2363 1300 2393 vocat
1317 2370 1358 2392 ea
1383 2369 1469 2404 quae
1491 2369 1552 2404 per
1574 2358 1692 2391 lumen
1707 2357 1864 2391 naturale
1880 2357 1940 2391 110-

1199 2405 1350 2438 minibus
1375 2409 1453 2438 ante
1477 2405 1592 2448 legem
1621 2402 1835 2437 observanda
1856 2403 1939 2437 deus

1201 2450 1469 2495 significaverat.
1518 2449 1595 2491 (F.)

1256 2507 1288 2540 b.
1325 2517 1413 2552 quae
1440 2509 1474 2539 et
1501 2505 1722 2550 coniungitur
1751 2505 1941 2539 secundum

1200 2552 1320 2596 fidem]
1347 2552 1430 2585 Pars
1446 2551 1533 2596 legis
1549 2551 1742 2593 Mosaieae,
1766 2562 1854 2596 quae
1868 2551 1940 2596 pie-

1200 2602 1308 2631 tatem
1332 2602 1366 2631 et
1381 2608 1519 2631 morum
1539 2596 1775 2630 innocentiam
1797 2600 1939 2642 spectat,

1203 2644 1305 2677 etiam
1319 2642 1521 2677 Christianis
1534 2645 1652 2675 sancte
1665 2641 1844 2677 servanda.

1247 2700 1276 2723 e.
1300 2688 1484 2731 vetuerint]
1513 2686 1624 2721 Galat.
1641 2687 1683 2722 V.
1702 2687 1733 2721 2.
1781 2687 1858 2729 (F.)

1246 2745 1277 2779 d.
1302 2756 1406 2779 causa
1433 2747 1578 2789 cogente
1595 2744 1739 2788 carnali]
1774 2743 1868 2778 Haec
1890 2743 1939 2778 ita

1201 2790 1443 2836 coniungenda
1475 2792 1574 2832 sunt,
1607 2792 1728 2834 estque
1760 2789 1938 2832 sententia,

1201 2840 1339 2881 propter
1351 2846 1491 2870 causam
1502 2835 1685 2876 carnalem,
1699 2835 1858 2869 duritiem
1866 2845 1938 2868 cor-

1203 2882 1253 2915 dis
1262 2881 1475 2922 Iudaeorum,
1492 2880 1663 2925 quaedam
1669 2880 1939 2924 fuisseaMoyse

1202 2927 1422 2972 superaddita
1446 2926 1518 2971 legi
1542 2926 1705 2967 naturali,
1736 2926 1938 2970 neutiquam

1201 2977 1366 3017 perpetua
1379 2983 1461 3007 vero
1475 2972 1546 3013 illa,
1562 2971 1624 3007 sed
1639 2971 1803 3008 achristo
1814 2971 1937 3006 iterum

1204 3018 1411 3063 abroganda.
1460 3016 1537 3059 (F.)
