2052 3374
379 792 1360 861 PRAEDESTINATI

618 917 706 965 DE
730 917 1126 967 HAERESIBUS

825 1030 908 1055 SIVE

189 1096 343 1131 OPERIS
362 1097 448 1132 sun
463 1097 822 1132 PRAEDESTINATI
838 1098 1012 1132 NOMINE
1028 1099 1058 1132 A
1075 1099 1156 1133 IAG.
1175 1099 1407 1134 summme
1424 1100 1544 1134 Enm

707 1154 841 1189 LIBER
856 1155 1035 1190 PRIMUS.

581 1262 1141 1310 PRAEFATIO.

97 1484 524 1579 Quotienscumque
546 1524 598 1566 ad
618 1528 672 1577 te,
696 1539 716 1566 o
739 1528 896 1565 amator
918 1524 996 1577 dei,
1017 1524 1145 1565 verba
1168 1524 1380 1566 doctorum
1403 1525 1637 1578 adtingunt,

95 1593 205 1635 illico
227 1596 326 1633 sunt
345 1591 503 1634 domini
523 1596 743 1648 praccepta
770 1592 1057 1646 memoranda,
1087 1594 1235 1647 quibus
1264 1593 1404 1634 iubere
1433 1593 1637 1647 dignatur,

94 1666 141 1702 ut
160 1660 433 1702 adtendamus
455 1661 505 1702 ab
527 1660 592 1702 his
614 1663 683 1716 qui
704 1663 877 1702 veniunt
897 1661 948 1702 ad
970 1675 1043 1702 nos
1065 1664 1109 1703 in
1129 1664 1283 1703 vestitu
1306 1664 1464 1714 ovium,
1485 1676 1536 1703 ne
1560 1662 1635 1703 sub

93 1729 170 1772 hoc
192 1731 372 1784 tegmine
393 1729 584 1785 luporum
605 1729 739 1771 rabies
769 1729 972 1771 occultata
1000 1730 1151 1771 ovilem
1179 1731 1490 1786 simplicitatem
1517 1733 1635 1772 inva-

96 1797 177 1840 dat.
227 1797 399 1840 Utinam
424 1798 527 1839 mihi
559 1798 694 1839 verbis
716 1800 796 1839 ista
817 1798 970 1839 dixisse
993 1799 1221 1852 sufficeret,
1251 1804 1290 1840 et
1311 1814 1415 1852 non,
1444 1800 1553 1854 quod
1575 1805 1637 1840 est

96 1880 189 1908 cum
209 1868 385 1922 suspirio
406 1866 734 1919 memorandum,
755 1867 1021 1908 manifestum
1043 1869 1096 1908 sit
1112 1869 1330 1909 miscuisse
1349 1868 1507 1910 belluas
1524 1870 1635 1923 gregi

96 1934 320 1976 dominico:
355 1937 424 1990 qui
453 1940 570 1975 tanta
602 1934 829 1976 subtilitate
864 1935 1120 1977 clandestino
1153 1937 1267 1978 hiatu
1299 1950 1390 1978 sese
1422 1937 1635 1978 catholicis

93 1993 398 2056 immerserunt,
420 2007 465 2044 ut
481 2005 561 2058 ipsi
576 2005 707 2057 magis
726 2005 835 2044 cives
854 2009 1090 2046 sanct-orum
1106 2009 1146 2045 et-
1163 2004 1379 2047 domestici
1395 2005 1492 2048 fidei
1509 2008 1634 2047 aesti-

93 2076 280 2125 mentur,
306 2073 377 2126 qui
397 2073 555 2112 inimici
577 2071 775 2113 ecclesiae
806 2076 845 2113 et
866 2072 1004 2114 hostes
1028 2073 1279 2115 dolosis-simi
1302 2075 1632 2130 comprobantur.

93 2139 288 2182 Dicentes
309 2141 393 2181 iam
412 2140 600 2181 homines
622 2142 678 2181 ita
698 2139 1026 2195 praedestinatos
1053 2141 1105 2183 ad
1132 2148 1307 2183 mortem
1333 2157 1407 2198 per
1428 2143 1493 2185 dei
1513 2158 1632 2199 prae-

94 2209 324 2261 scientiam,
344 2213 390 2249 ut
410 2208 493 2250 illis
514 2222 590 2250 nec
611 2210 749 2264 passio
767 2209 917 2250 Christi
938 2223 1014 2251 nec
1033 2209 1294 2265 baptismatis
1312 2211 1539 2268 redemptio
1558 2227 1632 2254 nec

94 2277 196 2320 fides
224 2291 302 2319 nec
331 2291 426 2333 spes
453 2278 583 2332 possit
612 2290 688 2318 nec
716 2279 865 2319 caritas
894 2279 1123 2320 subvenire.
1176 2279 1303 2321 Orent
1331 2285 1371 2321 et
1399 2282 1563 2322 ieiuniis
1585 2296 1631 2322 ac

95 2345 368 2401 eleemosynis
390 2350 656 2401 occupentur,
678 2345 804 2398 nulla,
825 2347 1036 2401 inquiunt,
1058 2353 1252 2403 poterunt
1273 2351 1430 2390 ratione
1451 2349 1632 2402 libcrari,

95 2416 191 2470 quia
209 2429 294 2456 non
314 2419 411 2456 sunt
430 2413 728 2470 praedestinati
749 2414 800 2455 ad
822 2415 962 2456 vitam.
1010 2416 1188 2458 Econtra
1214 2417 1257 2458 hi
1279 2431 1380 2472 quos
1402 2418 1630 2474 praedesti-

94 2484 205 2525 natio
224 2484 413 2538 praescia
434 2483 665 2524 futurorum
686 2482 919 2538 dispunxit,
939 2485 1167 2539 negligant,
1197 2491 1483 2539 contemnant,
1505 2492 1543 2527 et
1567 2489 1629 2528 iu-

93 2552 251 2592 stitiam
269 2551 441 2606 fugiant.
492 2550 558 2592 Sic
587 2552 655 2591 isti
677 2553 802 2592 etiam
827 2551 1014 2594 nolentes
1034 2554 1256 2595 trahuntur
1276 2553 1327 2595 ad
1348 2556 1497 2607 vitam,
1526 2557 1632 2596 sicut

93 2617 155 2660 illi
173 2618 359 2661 volentes
387 2619 441 2661 ad
466 2621 596 2660 vitam
614 2621 845 2675 pertingere
866 2621 1128 2677 expelluntur
1146 2623 1190 2662 in
1210 2628 1399 2663 mortem.
1450 2623 1517 2664 Sic
1540 2625 1630 2664 istis

94 2700 177 2729 non
194 2687 435 2743 petentibus
458 2687 591 2740 datur,
613 2689 718 2729 sicut
738 2688 819 2730 illis
840 2689 1075 2745 petentibus
1097 2689 1334 2744 denegatur.
1376 2690 1426 2732 Et
1447 2692 1515 2732 isti
1538 2693 1628 2746 qui-

97 2753 189 2796 dem
209 2769 294 2798 non
313 2761 558 2811 quaerentes
580 2757 816 2810 invenient,
834 2757 894 2798 illi
916 2764 1054 2798 autem
1075 2763 1317 2812 quaerentes
1341 2760 1523 2801 invenire
1545 2773 1629 2801 non

94 2827 279 2878 possunt.
316 2823 413 2866 Istis
433 2826 600 2880 pietatis
622 2826 744 2866 ianua
763 2839 847 2867 non
867 2826 1128 2882 pulsantibus
1150 2832 1367 2880 reseratur,
1389 2827 1469 2868 illis
1491 2832 1629 2869 autem

97 2889 377 2934 nullaratione
387 2894 553 2949 poterit,
574 2894 700 2934 etiam
719 2893 995 2949 pulsantibus,
1017 2896 1141 2935 etiam
1158 2894 1447 2948 clamantibus,
1464 2898 1625 2951 aperiri.

97 2957 194 3009 Quis
213 2959 320 3002 hanc
347 2961 473 3003 fidem
498 2961 655 3003 habens
685 2962 945 3004 sacerdotum
972 2962 1330 3006 benedictionibus
1357 2968 1479 3019 caput
1505 2964 1624 3007 incli-

96 3039 192 3068 nare
212 3027 435 3082 desideret,
463 3034 503 3070 et
531 3043 671 3071 eorum
703 3030 781 3072 sibi
807 3031 999 3086 precibus
1029 3035 1067 3071 et
1097 3032 1309 3074 sacrificiis
1341 3031 1481 3074 credat
1504 3047 1623 3089 posse
