<?xml version="1.0" encoding="UTF-8"?>
<!DOCTYPE html PUBLIC "-//W3C//DTD XHTML 1.0 Transitional//EN"
    "http://www.w3.org/TR/xhtml1/DTD/xhtml1-transitional.dtd">
<html xmlns="http://www.w3.org/1999/xhtml" xml:lang="en" lang="en">
 <head>
  <title>
</title>
<meta http-equiv="Content-Type" content="text/html;charset=utf-8" />
  <meta name='ocr-system' content='tesseract 3.04.00' />
  <meta name='ocr-capabilities' content='ocr_page ocr_carea ocr_par ocr_line ocrx_word'/>
</head>
<body>
  <div class='ocr_page' id='page_1' title='image "./corporishaereseo01epipuoft_0257.png"; bbox 0 0 2052 3374; ppageno 0'>
   <div class='ocr_carea' id='block_1_1' title="bbox 753 197 1661 240">
    <p class='ocr_par' dir='ltr' id='par_1_1' title="bbox 753 197 1661 240">
     <span class='ocr_line' id='line_1_1' title="bbox 753 197 1661 240; baseline 0.014 -18"><span class='ocrx_word' id='word_1_1' title='bbox 753 197 866 224; x_wconf 75' lang='lat' dir='ltr'>LissnR</span> <span class='ocrx_word' id='word_1_2' title='bbox 884 197 1029 224; x_wconf 73' lang='lat' dir='ltr'>ramus.</span> <span class='ocrx_word' id='word_1_3' title='bbox 1581 198 1661 240; x_wconf 69' lang='lat'>*235</span> 
     </span>
    </p>
   </div>
   <div class='ocr_carea' id='block_1_2' title="bbox 113 302 1663 2627">
    <p class='ocr_par' dir='ltr' id='par_1_2' title="bbox 119 302 1663 565">
     <span class='ocr_line' id='line_1_2' title="bbox 120 302 1663 357; baseline -0.001 -12"><span class='ocrx_word' id='word_1_4' title='bbox 120 303 299 346; x_wconf 86' lang='lat' dir='ltr'>faciebat</span> <span class='ocrx_word' id='word_1_5' title='bbox 318 316 387 345; x_wconf 88' lang='lat' dir='ltr'>eos</span> <span class='ocrx_word' id='word_1_6' title='bbox 407 302 472 345; x_wconf 85' lang='lat' dir='ltr'>his</span> <span class='ocrx_word' id='word_1_7' title='bbox 488 303 739 357; x_wconf 80' lang='lat' dir='ltr'>imaginibus</span> <span class='ocrx_word' id='word_1_8' title='bbox 759 303 958 345; x_wconf 79' lang='lat' dir='ltr'>honorem</span> <span class='ocrx_word' id='word_1_9' title='bbox 978 303 1143 345; x_wconf 80' lang='lat' dir='ltr'>deitatis</span> <span class='ocrx_word' id='word_1_10' title='bbox 1160 302 1367 356; x_wconf 80' lang='lat' dir='ltr'>exhibere,</span> <span class='ocrx_word' id='word_1_11' title='bbox 1389 306 1431 344; x_wconf 88' lang='lat' dir='ltr'>et</span> <span class='ocrx_word' id='word_1_12' title='bbox 1445 304 1663 344; x_wconf 87' lang='lat' dir='ltr'>incensum</span> 
     </span>
     <span class='ocr_line' id='line_1_3' title="bbox 119 370 1660 428; baseline -0.002 -13"><span class='ocrx_word' id='word_1_13' title='bbox 119 374 284 428; x_wconf 76' lang='lat' dir='ltr'>ponere.</span> <span class='ocrx_word' id='word_1_14' title='bbox 333 371 419 413; x_wconf 89' lang='lat' dir='ltr'>Hos</span> <span class='ocrx_word' id='word_1_15' title='bbox 440 371 652 413; x_wconf 76' lang='lat' dir='ltr'>damnavit</span> <span class='ocrx_word' id='word_1_16' title='bbox 672 372 782 427; x_wconf 87' lang='lat' dir='ltr'>apud</span> <span class='ocrx_word' id='word_1_17' title='bbox 803 372 982 427; x_wconf 72' lang='lat' dir='ltr'>Cyprum</span> <span class='ocrx_word' id='word_1_18' title='bbox 1002 373 1148 414; x_wconf 88' lang='lat' dir='ltr'>beatus</span> <span class='ocrx_word' id='word_1_19' title='bbox 1168 371 1380 413; x_wconf 82' lang='lat' dir='ltr'>Barnabas</span> <span class='ocrx_word' id='word_1_20' title='bbox 1402 370 1555 412; x_wconf 80' lang='lat' dir='ltr'>Christi</span> <span class='ocrx_word' id='word_1_21' title='bbox 1575 371 1660 412; x_wconf 87' lang='lat' dir='ltr'>dis-</span> 
     </span>
     <span class='ocr_line' id='line_1_4' title="bbox 121 439 1661 496; baseline -0.001 -14"><span class='ocrx_word' id='word_1_22' title='bbox 121 439 294 496; x_wconf 84' lang='lat' dir='ltr'>cipulus,</span> <span class='ocrx_word' id='word_1_23' title='bbox 318 440 470 482; x_wconf 83' lang='lat' dir='ltr'>docens</span> <span class='ocrx_word' id='word_1_24' title='bbox 493 455 562 482; x_wconf 89' lang='lat' dir='ltr'>eos</span> <span class='ocrx_word' id='word_1_25' title='bbox 584 443 796 482; x_wconf 84' lang='lat' dir='ltr'>ministros</span> <span class='ocrx_word' id='word_1_26' title='bbox 819 455 909 481; x_wconf 87' lang='lat' dir='ltr'>esse</span> <span class='ocrx_word' id='word_1_27' title='bbox 932 441 1124 492; x_wconf 81' lang='lat' dir='ltr'>Satanae,</span> <span class='ocrx_word' id='word_1_28' title='bbox 1153 445 1194 481; x_wconf 88' lang='lat' dir='ltr'>et</span> <span class='ocrx_word' id='word_1_29' title='bbox 1219 454 1303 482; x_wconf 91' lang='lat' dir='ltr'>non</span> <span class='ocrx_word' id='word_1_30' title='bbox 1326 440 1475 481; x_wconf 86' lang='lat' dir='ltr'>debere</span> <span class='ocrx_word' id='word_1_31' title='bbox 1508 440 1661 481; x_wconf 81' lang='lat' dir='ltr'>consti-</span> 
     </span>
     <span class='ocr_line' id='line_1_5' title="bbox 120 509 1326 565; baseline -0.002 -14"><span class='ocrx_word' id='word_1_32' title='bbox 120 511 200 551; x_wconf 77' lang='lat' dir='ltr'>tuit</span> <span class='ocrx_word' id='word_1_33' title='bbox 220 509 501 551; x_wconf 87' lang='lat' dir='ltr'>Christianum</span> <span class='ocrx_word' id='word_1_34' title='bbox 522 511 687 565; x_wconf 85' lang='lat' dir='ltr'>penitus</span> <span class='ocrx_word' id='word_1_35' title='bbox 710 523 803 552; x_wconf 87' lang='lat' dir='ltr'>cum</span> <span class='ocrx_word' id='word_1_36' title='bbox 823 510 886 550; x_wconf 88' lang='lat' dir='ltr'>his</span> <span class='ocrx_word' id='word_1_37' title='bbox 908 510 1059 550; x_wconf 87' lang='lat' dir='ltr'>habere</span> <span class='ocrx_word' id='word_1_38' title='bbox 1082 523 1326 550; x_wconf 87' lang='lat' dir='ltr'>sermonem.</span> 
     </span>
    </p>

    <p class='ocr_par' dir='ltr' id='par_1_3' title="bbox 117 576 1661 1045">
     <span class='ocr_line' id='line_1_6' title="bbox 204 576 1660 629; baseline -0.001 -9"><span class='ocrx_word' id='word_1_39' title='bbox 204 576 360 620; x_wconf 84' lang='lat' dir='ltr'>Octava</span> <span class='ocrx_word' id='word_1_40' title='bbox 386 578 571 619; x_wconf 85' lang='lat' dir='ltr'>haeresis</span> <span class='ocrx_word' id='word_1_41' title='bbox 600 578 979 629; x_wconf 84' lang='lat' dir='ltr'>Cerinthianorum,</span> <span class='ocrx_word' id='word_1_42' title='bbox 1008 591 1031 619; x_wconf 87' lang='lat' dir='ltr'>a</span> <span class='ocrx_word' id='word_1_43' title='bbox 1058 577 1264 619; x_wconf 78' lang='lat' dir='ltr'>Cerintho.</span> <span class='ocrx_word' id='word_1_44' title='bbox 1314 578 1520 619; x_wconf 75' lang='lat' dir='ltr'>Dicebant</span> <span class='ocrx_word' id='word_1_45' title='bbox 1539 591 1660 619; x_wconf 89' lang='lat' dir='ltr'>mun-</span> 
     </span>
     <span class='ocr_line' id='line_1_7' title="bbox 119 645 1661 700; baseline -0.001 -12"><span class='ocrx_word' id='word_1_46' title='bbox 119 646 218 689; x_wconf 90' lang='lat' dir='ltr'>dum</span> <span class='ocrx_word' id='word_1_47' title='bbox 244 646 295 688; x_wconf 87' lang='lat' dir='ltr'>ab</span> <span class='ocrx_word' id='word_1_48' title='bbox 322 647 480 700; x_wconf 84' lang='lat' dir='ltr'>angelis</span> <span class='ocrx_word' id='word_1_49' title='bbox 506 647 684 699; x_wconf 75' lang='lat' dir='ltr'>factum,</span> <span class='ocrx_word' id='word_1_50' title='bbox 713 646 860 688; x_wconf 88' lang='lat' dir='ltr'>1carne</span> <span class='ocrx_word' id='word_1_51' title='bbox 889 645 1128 688; x_wconf 89' lang='lat' dir='ltr'>circumcidi</span> <span class='ocrx_word' id='word_1_52' title='bbox 1157 646 1328 700; x_wconf 85' lang='lat' dir='ltr'>debere,</span> <span class='ocrx_word' id='word_1_53' title='bbox 1354 648 1506 688; x_wconf 73' lang='lat' dir='ltr'>veteris</span> <span class='ocrx_word' id='word_1_54' title='bbox 1532 650 1661 688; x_wconf 89' lang='lat' dir='ltr'>testa—</span> 
     </span>
     <span class='ocr_line' id='line_1_8' title="bbox 117 715 1661 770; baseline -0.001 -13"><span class='ocrx_word' id='word_1_55' title='bbox 117 716 247 757; x_wconf 88' lang='lat' dir='ltr'>menti</span> <span class='ocrx_word' id='word_1_56' title='bbox 268 715 497 757; x_wconf 89' lang='lat' dir='ltr'>secundum</span> <span class='ocrx_word' id='word_1_57' title='bbox 523 715 705 756; x_wconf 78' lang='lat' dir='ltr'>litteram</span> <span class='ocrx_word' id='word_1_58' title='bbox 728 715 875 757; x_wconf 87' lang='lat' dir='ltr'>debere</span> <span class='ocrx_word' id='word_1_59' title='bbox 901 718 1122 770; x_wconf 87' lang='lat' dir='ltr'>praecepta</span> <span class='ocrx_word' id='word_1_60' title='bbox 1150 717 1318 756; x_wconf 75' lang='lat' dir='ltr'>servari.</span> <span class='ocrx_word' id='word_1_61' title='bbox 1367 715 1506 756; x_wconf 87' lang='lat' dir='ltr'>Iesum</span> <span class='ocrx_word' id='word_1_62' title='bbox 1526 715 1661 757; x_wconf 75' lang='lat' dir='ltr'>homi-</span> 
     </span>
     <span class='ocr_line' id='line_1_9' title="bbox 117 782 1660 835; baseline 0 -10"><span class='ocrx_word' id='word_1_63' title='bbox 117 797 214 825; x_wconf 88' lang='lat' dir='ltr'>nem</span> <span class='ocrx_word' id='word_1_64' title='bbox 233 783 519 826; x_wconf 79' lang='lat' dir='ltr'>tantummodo</span> <span class='ocrx_word' id='word_1_65' title='bbox 546 784 694 833; x_wconf 82' lang='lat' dir='ltr'>fuisse3</span> <span class='ocrx_word' id='word_1_66' title='bbox 715 782 815 825; x_wconf 77' lang='lat' dir='ltr'>2nec</span> <span class='ocrx_word' id='word_1_67' title='bbox 843 785 1117 835; x_wconf 75' lang='lat' dir='ltr'>resurexisse,</span> <span class='ocrx_word' id='word_1_68' title='bbox 1147 782 1220 824; x_wconf 90' lang='lat' dir='ltr'>sed</span> <span class='ocrx_word' id='word_1_69' title='bbox 1246 783 1379 825; x_wconf 86' lang='lat' dir='ltr'>adhuc</span> <span class='ocrx_word' id='word_1_70' title='bbox 1406 789 1660 825; x_wconf 82' lang='lat' dir='ltr'>resurrectu-</span> 
     </span>
     <span class='ocr_line' id='line_1_10' title="bbox 119 851 1660 894; baseline 0 0"><span class='ocrx_word' id='word_1_71' title='bbox 119 865 210 894; x_wconf 90' lang='lat' dir='ltr'>rum</span> <span class='ocrx_word' id='word_1_72' title='bbox 231 866 320 894; x_wconf 85' lang='lat' dir='ltr'>esse</span> <span class='ocrx_word' id='word_1_73' title='bbox 340 852 639 894; x_wconf 77' lang='lat' dir='ltr'>memorabant.</span> <span class='ocrx_word' id='word_1_74' title='bbox 689 853 774 893; x_wconf 89' lang='lat' dir='ltr'>Hos</span> <span class='ocrx_word' id='word_1_75' title='bbox 797 854 839 893; x_wconf 85' lang='lat' dir='ltr'>in</span> <span class='ocrx_word' id='word_1_76' title='bbox 862 851 1021 893; x_wconf 85' lang='lat' dir='ltr'>Galatia</span> <span class='ocrx_word' id='word_1_77' title='bbox 1043 856 1209 892; x_wconf 84' lang='lat' dir='ltr'>aeterno</span> <span class='ocrx_word' id='word_1_78' title='bbox 1232 853 1492 894; x_wconf 87' lang='lat' dir='ltr'>anathemate</span> <span class='ocrx_word' id='word_1_79' title='bbox 1515 853 1660 894; x_wconf 86' lang='lat' dir='ltr'>beatus</span> 
     </span>
     <span class='ocr_line' id='line_1_11' title="bbox 118 920 1661 977; baseline 0 -15"><span class='ocrx_word' id='word_1_80' title='bbox 118 921 326 977; x_wconf 84' lang='lat' dir='ltr'>apostolus</span> <span class='ocrx_word' id='word_1_81' title='bbox 346 921 499 962; x_wconf 89' lang='lat' dir='ltr'>Paulus</span> <span class='ocrx_word' id='word_1_82' title='bbox 521 921 823 963; x_wconf 77' lang='lat' dir='ltr'>condemnavit.</span> <span class='ocrx_word' id='word_1_83' title='bbox 873 921 959 962; x_wconf 92' lang='lat' dir='ltr'>Hos</span> <span class='ocrx_word' id='word_1_84' title='bbox 981 920 1159 975; x_wconf 85' lang='lat' dir='ltr'>denique</span> <span class='ocrx_word' id='word_1_85' title='bbox 1176 923 1309 974; x_wconf 78' lang='lat' dir='ltr'>tangit</span> <span class='ocrx_word' id='word_1_86' title='bbox 1326 923 1367 963; x_wconf 89' lang='lat' dir='ltr'>in</span> <span class='ocrx_word' id='word_1_87' title='bbox 1392 935 1465 962; x_wconf 88' lang='lat' dir='ltr'>sua</span> <span class='ocrx_word' id='word_1_88' title='bbox 1489 921 1661 977; x_wconf 87' lang='lat' dir='ltr'>epistola</span> 
     </span>
     <span class='ocr_line' id='line_1_12' title="bbox 118 989 651 1045; baseline -0.004 -14"><span class='ocrx_word' id='word_1_89' title='bbox 118 1003 242 1045; x_wconf 86' lang='lat' dir='ltr'>quam</span> <span class='ocrx_word' id='word_1_90' title='bbox 261 989 313 1030; x_wconf 89' lang='lat' dir='ltr'>ad</span> <span class='ocrx_word' id='word_1_91' title='bbox 335 989 500 1031; x_wconf 80' lang='lat' dir='ltr'>Galatas</span> <span class='ocrx_word' id='word_1_92' title='bbox 524 989 651 1031; x_wconf 88' lang='lat' dir='ltr'>misit.</span> 
     </span>
    </p>

    <p class='ocr_par' dir='ltr' id='par_1_4' title="bbox 116 1050 1662 1376">
     <span class='ocr_line' id='line_1_13' title="bbox 201 1050 1662 1113; baseline 0 -14"><span class='ocrx_word' id='word_1_93' title='bbox 201 1057 342 1099; x_wconf 87' lang='lat' dir='ltr'>¹Nona</span> <span class='ocrx_word' id='word_1_94' title='bbox 360 1059 543 1100; x_wconf 85' lang='lat' dir='ltr'>haeresis</span> <span class='ocrx_word' id='word_1_95' title='bbox 564 1058 883 1099; x_wconf 87' lang='lat' dir='ltr'>Nazarenorum.</span> <span class='ocrx_word' id='word_1_96' title='bbox 932 1050 1081 1100; x_wconf 82' lang='lat' dir='ltr'>Filium</span> <span class='ocrx_word' id='word_1_97' title='bbox 1110 1059 1277 1113; x_wconf 87' lang='lat' dir='ltr'>quidem</span> <span class='ocrx_word' id='word_1_98' title='bbox 1304 1058 1369 1100; x_wconf 83' lang='lat' dir='ltr'>dei</span> <span class='ocrx_word' id='word_1_99' title='bbox 1400 1059 1662 1112; x_wconf 82' lang='lat' dir='ltr'>confitentur,</span> 
     </span>
     <span class='ocr_line' id='line_1_14' title="bbox 117 1126 1661 1169; baseline 0 -1"><span class='ocrx_word' id='word_1_100' title='bbox 117 1139 282 1168; x_wconf 89' lang='lat' dir='ltr'>omnem</span> <span class='ocrx_word' id='word_1_101' title='bbox 308 1131 448 1169; x_wconf 88' lang='lat' dir='ltr'>autem</span> <span class='ocrx_word' id='word_1_102' title='bbox 472 1129 598 1168; x_wconf 89' lang='lat' dir='ltr'>ritum</span> <span class='ocrx_word' id='word_1_103' title='bbox 624 1129 776 1168; x_wconf 82' lang='lat' dir='ltr'>veteris</span> <span class='ocrx_word' id='word_1_104' title='bbox 805 1129 1044 1168; x_wconf 82' lang='lat' dir='ltr'>testamenti</span> <span class='ocrx_word' id='word_1_105' title='bbox 1063 1126 1229 1169; x_wconf 88' lang='lat' dir='ltr'>Iudaico</span> <span class='ocrx_word' id='word_1_106' title='bbox 1260 1142 1374 1169; x_wconf 88' lang='lat' dir='ltr'>more</span> <span class='ocrx_word' id='word_1_107' title='bbox 1403 1132 1661 1169; x_wconf 81' lang='lat' dir='ltr'>conservant.</span> 
     </span>
     <span class='ocr_line' id='line_1_15' title="bbox 116 1194 1660 1252; baseline 0 -15"><span class='ocrx_word' id='word_1_108' title='bbox 116 1194 201 1237; x_wconf 90' lang='lat' dir='ltr'>Hos</span> <span class='ocrx_word' id='word_1_109' title='bbox 229 1195 368 1237; x_wconf 87' lang='lat' dir='ltr'>docuit</span> <span class='ocrx_word' id='word_1_110' title='bbox 393 1196 538 1238; x_wconf 87' lang='lat' dir='ltr'>beatus</span> <span class='ocrx_word' id='word_1_111' title='bbox 565 1196 774 1251; x_wconf 87' lang='lat' dir='ltr'>apostolus</span> <span class='ocrx_word' id='word_1_112' title='bbox 802 1196 954 1237; x_wconf 88' lang='lat' dir='ltr'>Paulus</span> <span class='ocrx_word' id='word_1_113' title='bbox 985 1196 1134 1238; x_wconf 90' lang='lat' dir='ltr'>debere</span> <span class='ocrx_word' id='word_1_114' title='bbox 1167 1197 1408 1252; x_wconf 84' lang='lat' dir='ltr'>spiritaliter</span> <span class='ocrx_word' id='word_1_115' title='bbox 1436 1198 1660 1252; x_wconf 88' lang='lat' dir='ltr'>scripturas</span> 
     </span>
     <span class='ocr_line' id='line_1_16' title="bbox 117 1263 1660 1321; baseline 0.001 -16"><span class='ocrx_word' id='word_1_116' title='bbox 117 1263 344 1318; x_wconf 80' lang='lat' dir='ltr'>advertere,</span> <span class='ocrx_word' id='word_1_117' title='bbox 366 1269 408 1305; x_wconf 84' lang='lat' dir='ltr'>et</span> <span class='ocrx_word' id='word_1_118' title='bbox 425 1265 501 1307; x_wconf 90' lang='lat' dir='ltr'>hos</span> <span class='ocrx_word' id='word_1_119' title='bbox 518 1266 562 1306; x_wconf 94' lang='lat' dir='ltr'>in</span> <span class='ocrx_word' id='word_1_120' title='bbox 579 1265 764 1306; x_wconf 89' lang='lat' dir='ltr'>ecclesiis</span> <span class='ocrx_word' id='word_1_121' title='bbox 786 1264 800 1289; x_wconf 67' lang='lat'><em>2</em></span> <span class='ocrx_word' id='word_1_122' title='bbox 813 1265 996 1307; x_wconf 82' lang='lat' dir='ltr'>Galatiae</span> <span class='ocrx_word' id='word_1_123' title='bbox 1014 1266 1301 1321; x_wconf 71' lang='lat' dir='ltr'>deprehendit,</span> <span class='ocrx_word' id='word_1_124' title='bbox 1323 1271 1445 1320; x_wconf 88' lang='lat' dir='ltr'>atque</span> <span class='ocrx_word' id='word_1_125' title='bbox 1461 1279 1544 1308; x_wconf 90' lang='grc'>11011</span> <span class='ocrx_word' id='word_1_126' title='bbox 1562 1279 1660 1307; x_wconf 91' lang='lat' dir='ltr'>con-</span> 
     </span>
     <span class='ocr_line' id='line_1_17' title="bbox 117 1333 1332 1376; baseline 0.002 -2"><span class='ocrx_word' id='word_1_127' title='bbox 117 1335 345 1375; x_wconf 84' lang='lat' dir='ltr'>sentientes</span> <span class='ocrx_word' id='word_1_128' title='bbox 367 1333 578 1375; x_wconf 86' lang='lat' dir='ltr'>doctrinae</span> <span class='ocrx_word' id='word_1_129' title='bbox 600 1348 698 1375; x_wconf 86' lang='lat' dir='ltr'>suae</span> <span class='ocrx_word' id='word_1_130' title='bbox 720 1333 971 1375; x_wconf 86' lang='lat' dir='ltr'>anathemati</span> <span class='ocrx_word' id='word_1_131' title='bbox 994 1348 1084 1375; x_wconf 88' lang='lat' dir='ltr'>esse</span> <span class='ocrx_word' id='word_1_132' title='bbox 1107 1335 1332 1376; x_wconf 88' lang='lat' dir='ltr'>constituit.</span> 
     </span>
    </p>

    <p class='ocr_par' dir='ltr' id='par_1_5' title="bbox 115 1401 1661 1803">
     <span class='ocr_line' id='line_1_18' title="bbox 200 1401 1660 1446; baseline 0.001 -3"><span class='ocrx_word' id='word_1_133' title='bbox 200 1401 393 1444; x_wconf 87' lang='lat' dir='ltr'>¹Decima</span> <span class='ocrx_word' id='word_1_134' title='bbox 411 1403 595 1444; x_wconf 85' lang='lat' dir='ltr'>haeresis</span> <span class='ocrx_word' id='word_1_135' title='bbox 621 1403 831 1445; x_wconf 90' lang='lat' dir='ltr'>Ebionaei.</span> <span class='ocrx_word' id='word_1_136' title='bbox 880 1403 1103 1444; x_wconf 87' lang='lat' dir='ltr'>Hominem</span> <span class='ocrx_word' id='word_1_137' title='bbox 1131 1404 1263 1445; x_wconf 88' lang='lat' dir='ltr'>solum</span> <span class='ocrx_word' id='word_1_138' title='bbox 1290 1405 1418 1445; x_wconf 89' lang='lat' dir='ltr'>fuisse</span> <span class='ocrx_word' id='word_1_139' title='bbox 1447 1403 1660 1446; x_wconf 87' lang='lat' dir='ltr'>dominum</span> 
     </span>
     <span class='ocr_line' id='line_1_19' title="bbox 115 1471 1658 1525; baseline 0.001 -12"><span class='ocrx_word' id='word_1_140' title='bbox 115 1471 252 1513; x_wconf 85' lang='lat' dir='ltr'>Iesum</span> <span class='ocrx_word' id='word_1_141' title='bbox 281 1471 491 1513; x_wconf 83' lang='lat' dir='ltr'>Christum</span> <span class='ocrx_word' id='word_1_142' title='bbox 518 1472 734 1525; x_wconf 73' lang='lat' dir='ltr'>adserunt,</span> <span class='ocrx_word' id='word_1_143' title='bbox 763 1476 803 1512; x_wconf 90' lang='lat' dir='ltr'>et</span> <span class='ocrx_word' id='word_1_144' title='bbox 828 1472 930 1525; x_wconf 82' lang='lat' dir='ltr'>legis</span> <span class='ocrx_word' id='word_1_145' title='bbox 957 1472 1153 1513; x_wconf 88' lang='lat' dir='ltr'>mandata</span> <span class='ocrx_word' id='word_1_146' title='bbox 1186 1487 1299 1514; x_wconf 90' lang='lat' dir='ltr'>more</span> <span class='ocrx_word' id='word_1_147' title='bbox 1326 1473 1489 1515; x_wconf 88' lang='lat' dir='ltr'>Iudaico</span> <span class='ocrx_word' id='word_1_148' title='bbox 1521 1478 1658 1515; x_wconf 88' lang='lat' dir='ltr'>custo-</span> 
     </span>
     <span class='ocr_line' id='line_1_20' title="bbox 117 1539 1658 1596; baseline 0.001 -14"><span class='ocrx_word' id='word_1_149' title='bbox 117 1539 267 1582; x_wconf 85' lang='lat' dir='ltr'>dienda</span> <span class='ocrx_word' id='word_1_150' title='bbox 288 1542 557 1583; x_wconf 84' lang='lat' dir='ltr'>constituunt.</span> <span class='ocrx_word' id='word_1_151' title='bbox 599 1541 683 1582; x_wconf 82' lang='lat' dir='ltr'>Hos</span> <span class='ocrx_word' id='word_1_152' title='bbox 703 1541 835 1582; x_wconf 86' lang='lat' dir='ltr'>Lucas</span> <span class='ocrx_word' id='word_1_153' title='bbox 858 1541 1110 1594; x_wconf 81' lang='lat' dir='ltr'>evangelista</span> <span class='ocrx_word' id='word_1_154' title='bbox 1136 1542 1246 1596; x_wconf 87' lang='lat' dir='ltr'>apud</span> <span class='ocrx_word' id='word_1_155' title='bbox 1265 1542 1569 1584; x_wconf 83' lang='lat' dir='ltr'>Antiochenam</span> <span class='ocrx_word' id='word_1_156' title='bbox 1591 1557 1658 1584; x_wconf 87' lang='lat' dir='ltr'>ec-</span> 
     </span>
     <span class='ocr_line' id='line_1_21' title="bbox 117 1609 1659 1664; baseline 0.001 -14"><span class='ocrx_word' id='word_1_157' title='bbox 117 1609 285 1651; x_wconf 86' lang='lat' dir='ltr'>clesiam</span> <span class='ocrx_word' id='word_1_158' title='bbox 300 1611 517 1651; x_wconf 82' lang='lat' dir='ltr'>inveniens</span> <span class='ocrx_word' id='word_1_159' title='bbox 535 1610 840 1661; x_wconf 74' lang='lat' dir='ltr'>condemnavit,</span> <span class='ocrx_word' id='word_1_160' title='bbox 858 1610 1009 1652; x_wconf 85' lang='lat' dir='ltr'>docens</span> <span class='ocrx_word' id='word_1_161' title='bbox 1021 1610 1213 1664; x_wconf 80' lang='lat' dir='ltr'>angelum</span> <span class='ocrx_word' id='word_1_162' title='bbox 1232 1611 1385 1652; x_wconf 81' lang='lat' dir='ltr'>dixisse</span> <span class='ocrx_word' id='word_1_163' title='bbox 1404 1611 1456 1652; x_wconf 89' lang='lat' dir='ltr'>ad</span> <span class='ocrx_word' id='word_1_164' title='bbox 1472 1611 1659 1664; x_wconf 86' lang='lat' dir='ltr'>Mariam,</span> 
     </span>
     <span class='ocr_line' id='line_1_22' title="bbox 115 1677 1661 1735; baseline 0.001 -15"><span class='ocrx_word' id='word_1_165' title='bbox 115 1677 328 1735; x_wconf 64' lang='lat' dir='ltr'>²sz&#39;rz&#39;tus</span> <span class='ocrx_word' id='word_1_166' title='bbox 348 1685 517 1720; x_wconf 72' lang='lat' dir='ltr'>sanetus</span> <span class='ocrx_word' id='word_1_167' title='bbox 537 1681 794 1735; x_wconf 66' lang='lat' dir='ltr'>superveniet</span> <span class='ocrx_word' id='word_1_168' title='bbox 827 1680 870 1719; x_wconf 76' lang='lat' dir='ltr'>in</span> <span class='ocrx_word' id='word_1_169' title='bbox 892 1686 940 1731; x_wconf 77' lang='lat' dir='ltr'>te,</span> <span class='ocrx_word' id='word_1_170' title='bbox 971 1687 1009 1720; x_wconf 77' lang='lat' dir='ltr'>et</span> <span class='ocrx_word' id='word_1_171' title='bbox 1030 1681 1158 1720; x_wconf 74' lang='lat' dir='ltr'>virtus</span> <span class='ocrx_word' id='word_1_172' title='bbox 1179 1680 1372 1721; x_wconf 68' lang='lat' dir='ltr'>altissimi</span> <span class='ocrx_word' id='word_1_173' title='bbox 1399 1680 1661 1722; x_wconf 70' lang='lat' dir='ltr'>obumbrabit</span> 
     </span>
     <span class='ocr_line' id='line_1_23' title="bbox 115 1746 1573 1803; baseline 0.001 -15"><span class='ocrx_word' id='word_1_174' title='bbox 115 1754 163 1788; x_wconf 79' lang='lat' dir='ltr'>te.</span> <span class='ocrx_word' id='word_1_175' title='bbox 196 1746 294 1789; x_wconf 83' lang='lat' dir='ltr'>Ideo</span> <span class='ocrx_word' id='word_1_176' title='bbox 316 1755 353 1788; x_wconf 78' lang='lat' dir='ltr'>et</span> <span class='ocrx_word' id='word_1_177' title='bbox 370 1748 419 1788; x_wconf 71' lang='lat' dir='ltr'>id</span> <span class='ocrx_word' id='word_1_178' title='bbox 437 1749 551 1803; x_wconf 77' lang='lat' dir='ltr'>quod</span> <span class='ocrx_word' id='word_1_179' title='bbox 569 1763 618 1789; x_wconf 62' lang='lat' dir='ltr'>ex</span> <span class='ocrx_word' id='word_1_180' title='bbox 634 1756 671 1789; x_wconf 74' lang='lat' dir='ltr'>te</span> <span class='ocrx_word' id='word_1_181' title='bbox 692 1755 885 1789; x_wconf 64' lang='lat' dir='ltr'>nascetur</span> <span class='ocrx_word' id='word_1_182' title='bbox 904 1756 1105 1801; x_wconf 74' lang='lat' dir='ltr'>scmctum,</span> <span class='ocrx_word' id='word_1_183' title='bbox 1126 1749 1345 1790; x_wconf 67' lang='lat' dir='ltr'>vocabitur</span> <span class='ocrx_word' id='word_1_184' title='bbox 1355 1750 1474 1803; x_wconf 72' lang='lat' dir='ltr'>silius</span> <span class='ocrx_word' id='word_1_185' title='bbox 1496 1750 1573 1791; x_wconf 74' lang='lat' dir='ltr'>clei.</span> 
     </span>
    </p>

    <p class='ocr_par' dir='ltr' id='par_1_6' title="bbox 113 1815 1660 2627">
     <span class='ocr_line' id='line_1_24' title="bbox 197 1815 1658 1874; baseline 0.001 -16"><span class='ocrx_word' id='word_1_186' title='bbox 197 1815 429 1859; x_wconf 83' lang='lat' dir='ltr'>Undecima</span> <span class='ocrx_word' id='word_1_187' title='bbox 448 1817 631 1858; x_wconf 88' lang='lat' dir='ltr'>haeresis</span> <span class='ocrx_word' id='word_1_188' title='bbox 653 1816 1051 1870; x_wconf 69' lang='lat' dir='ltr'>Valentinianorum,</span> <span class='ocrx_word' id='word_1_189' title='bbox 1073 1832 1096 1858; x_wconf 90' lang='lat' dir='ltr'>a</span> <span class='ocrx_word' id='word_1_190' title='bbox 1117 1818 1348 1859; x_wconf 86' lang='lat' dir='ltr'>Valentino.</span> <span class='ocrx_word' id='word_1_191' title='bbox 1399 1818 1452 1860; x_wconf 91' lang='lat' dir='ltr'>Hi</span> <span class='ocrx_word' id='word_1_192' title='bbox 1473 1834 1548 1874; x_wconf 90' lang='lat' dir='ltr'>per</span> <span class='ocrx_word' id='word_1_193' title='bbox 1578 1820 1658 1860; x_wconf 90' lang='lat' dir='ltr'>ori-</span> 
     </span>
     <span class='ocr_line' id='line_1_25' title="bbox 115 1885 1658 1940; baseline 0.001 -13"><span class='ocrx_word' id='word_1_194' title='bbox 115 1888 254 1927; x_wconf 82' lang='lat' dir='ltr'>entem</span> <span class='ocrx_word' id='word_1_195' title='bbox 271 1885 447 1940; x_wconf 87' lang='lat' dir='ltr'>dispersi</span> <span class='ocrx_word' id='word_1_196' title='bbox 467 1887 644 1939; x_wconf 80' lang='lat' dir='ltr'>graviter</span> <span class='ocrx_word' id='word_1_197' title='bbox 661 1885 727 1926; x_wconf 87' lang='lat' dir='ltr'>dei</span> <span class='ocrx_word' id='word_1_198' title='bbox 751 1885 968 1927; x_wconf 85' lang='lat' dir='ltr'>ecclesiam</span> <span class='ocrx_word' id='word_1_199' title='bbox 983 1886 1266 1940; x_wconf 70' lang='lat' dir='ltr'>wllnerarunt,</span> <span class='ocrx_word' id='word_1_200' title='bbox 1284 1887 1467 1929; x_wconf 88' lang='lat' dir='ltr'>dicentes</span> <span class='ocrx_word' id='word_1_201' title='bbox 1483 1888 1658 1930; x_wconf 85' lang='lat' dir='ltr'>Profun-</span> 
     </span>
     <span class='ocr_line' id='line_1_26' title="bbox 115 1953 1658 2010; baseline 0.001 -14"><span class='ocrx_word' id='word_1_202' title='bbox 115 1953 213 1996; x_wconf 87' lang='lat' dir='ltr'>dum</span> <span class='ocrx_word' id='word_1_203' title='bbox 234 1958 275 1994; x_wconf 89' lang='lat' dir='ltr'>et</span> <span class='ocrx_word' id='word_1_204' title='bbox 294 1953 438 1995; x_wconf 89' lang='lat' dir='ltr'>Altum</span> <span class='ocrx_word' id='word_1_205' title='bbox 460 1968 601 1996; x_wconf 87' lang='lat' dir='ltr'>secum</span> <span class='ocrx_word' id='word_1_206' title='bbox 623 1954 857 1996; x_wconf 82' lang='lat' dir='ltr'>commixta.</span> <span class='ocrx_word' id='word_1_207' title='bbox 904 1955 964 1997; x_wconf 82' lang='lat' dir='ltr'>Ex</span> <span class='ocrx_word' id='word_1_208' title='bbox 986 1956 1134 2010; x_wconf 86' lang='lat' dir='ltr'>quibus</span> <span class='ocrx_word' id='word_1_209' title='bbox 1158 1955 1332 2009; x_wconf 79' lang='lat' dir='ltr'>duobus,</span> <span class='ocrx_word' id='word_1_210' title='bbox 1353 1957 1466 1998; x_wconf 72' lang='lat' dir='ltr'>velut</span> <span class='ocrx_word' id='word_1_211' title='bbox 1487 1971 1537 1998; x_wconf 82' lang='lat' dir='ltr'>ex</span> <span class='ocrx_word' id='word_1_212' title='bbox 1560 1971 1658 1999; x_wconf 89' lang='lat' dir='ltr'>con-</span> 
     </span>
     <span class='ocr_line' id='line_1_27' title="bbox 115 2023 1660 2080; baseline 0.003 -16"><span class='ocrx_word' id='word_1_213' title='bbox 115 2024 244 2078; x_wconf 82' lang='lat' dir='ltr'>iugio,</span> <span class='ocrx_word' id='word_1_214' title='bbox 271 2023 474 2064; x_wconf 87' lang='lat' dir='ltr'>mundum</span> <span class='ocrx_word' id='word_1_215' title='bbox 501 2025 775 2078; x_wconf 78' lang='lat' dir='ltr'>processisse.</span> <span class='ocrx_word' id='word_1_216' title='bbox 805 2023 949 2064; x_wconf 90' lang='lat' dir='ltr'>Altum</span> <span class='ocrx_word' id='word_1_217' title='bbox 977 2024 1163 2065; x_wconf 90' lang='lat' dir='ltr'>dicentes</span> <span class='ocrx_word' id='word_1_218' title='bbox 1191 2029 1373 2080; x_wconf 84' lang='lat' dir='ltr'>patrem,</span> <span class='ocrx_word' id='word_1_219' title='bbox 1405 2026 1660 2068; x_wconf 84' lang='lat' dir='ltr'>Profundum</span> 
     </span>
     <span class='ocr_line' id='line_1_28' title="bbox 114 2091 1659 2147; baseline 0.002 -14"><span class='ocrx_word' id='word_1_220' title='bbox 114 2091 257 2146; x_wconf 84' lang='lat' dir='ltr'>filium,</span> <span class='ocrx_word' id='word_1_221' title='bbox 280 2105 454 2145; x_wconf 89' lang='lat' dir='ltr'>eumque</span> <span class='ocrx_word' id='word_1_222' title='bbox 476 2091 581 2132; x_wconf 90' lang='lat' dir='ltr'>nihil</span> <span class='ocrx_word' id='word_1_223' title='bbox 602 2091 883 2147; x_wconf 70' lang='lat' dir='ltr'>adsumpsisse</span> <span class='ocrx_word' id='word_1_224' title='bbox 907 2092 956 2133; x_wconf 87' lang='lat' dir='ltr'>de</span> <span class='ocrx_word' id='word_1_225' title='bbox 977 2093 1105 2134; x_wconf 89' lang='lat' dir='ltr'>Maria</span> <span class='ocrx_word' id='word_1_226' title='bbox 1126 2095 1298 2147; x_wconf 82' lang='lat' dir='ltr'>virgine,</span> <span class='ocrx_word' id='word_1_227' title='bbox 1322 2094 1394 2136; x_wconf 83' lang='lat' dir='ltr'>sed</span> <span class='ocrx_word' id='word_1_228' title='bbox 1416 2094 1545 2147; x_wconf 86' lang='lat' dir='ltr'>illum,</span> <span class='ocrx_word' id='word_1_229' title='bbox 1567 2099 1659 2136; x_wconf 84' lang='lat' dir='ltr'>tan-</span> 
     </span>
     <span class='ocr_line' id='line_1_29' title="bbox 115 2161 1658 2219; baseline 0.002 -17"><span class='ocrx_word' id='word_1_230' title='bbox 115 2173 238 2216; x_wconf 87' lang='lat' dir='ltr'>quam</span> <span class='ocrx_word' id='word_1_231' title='bbox 260 2173 409 2214; x_wconf 86' lang='lat' dir='ltr'>aquam</span> <span class='ocrx_word' id='word_1_232' title='bbox 429 2175 503 2216; x_wconf 88' lang='lat' dir='ltr'>per</span> <span class='ocrx_word' id='word_1_233' title='bbox 523 2161 658 2201; x_wconf 72' lang='lat' dir='ltr'>rivum</span> <span class='ocrx_word' id='word_1_234' title='bbox 680 2164 749 2202; x_wconf 88' lang='lat' dir='ltr'>aut</span> <span class='ocrx_word' id='word_1_235' title='bbox 772 2161 965 2214; x_wconf 81' lang='lat' dir='ltr'>fistulam,</span> <span class='ocrx_word' id='word_1_236' title='bbox 994 2163 1082 2203; x_wconf 86' lang='lat' dir='ltr'>sine</span> <span class='ocrx_word' id='word_1_237' title='bbox 1104 2162 1188 2203; x_wconf 87' lang='lat' dir='ltr'>ulla</span> <span class='ocrx_word' id='word_1_238' title='bbox 1209 2165 1345 2204; x_wconf 86' lang='lat' dir='ltr'>carnis</span> <span class='ocrx_word' id='word_1_239' title='bbox 1368 2163 1658 2219; x_wconf 85' lang='lat' dir='ltr'>adsumptione</span> 
     </span>
     <span class='ocr_line' id='line_1_30' title="bbox 114 2229 1657 2286; baseline 0.003 -16"><span class='ocrx_word' id='word_1_240' title='bbox 114 2229 333 2279; x_wconf 82' lang='lat' dir='ltr'>transisse3</span> <span class='ocrx_word' id='word_1_241' title='bbox 379 2231 514 2270; x_wconf 86' lang='lat' dir='ltr'>carnis</span> <span class='ocrx_word' id='word_1_242' title='bbox 557 2233 695 2270; x_wconf 83' lang='lat' dir='ltr'>autem</span> <span class='ocrx_word' id='word_1_243' title='bbox 731 2232 1071 2272; x_wconf 83' lang='lat' dir='ltr'>resurrectionem</span> <span class='ocrx_word' id='word_1_244' title='bbox 1108 2232 1356 2273; x_wconf 86' lang='lat' dir='ltr'>omnimodis</span> <span class='ocrx_word' id='word_1_245' title='bbox 1393 2233 1657 2286; x_wconf 74' lang='lat' dir='ltr'>denegantes.</span> 
     </span>
     <span class='ocr_line' id='line_1_31' title="bbox 113 2297 1657 2357; baseline 0.002 -17"><span class='ocrx_word' id='word_1_246' title='bbox 113 2297 198 2340; x_wconf 88' lang='lat' dir='ltr'>Hos</span> <span class='ocrx_word' id='word_1_247' title='bbox 219 2297 584 2338; x_wconf 76' lang='lat' dir='ltr'>anathematizavit</span> <span class='ocrx_word' id='word_1_248' title='bbox 607 2298 752 2339; x_wconf 85' lang='lat' dir='ltr'>beatus</span> <span class='ocrx_word' id='word_1_249' title='bbox 773 2299 1006 2341; x_wconf 77' lang='lat' dir='ltr'>Zacchaeus</span> <span class='ocrx_word' id='word_1_250' title='bbox 1027 2300 1306 2341; x_wconf 81' lang='lat' dir='ltr'>Caesariensis</span> <span class='ocrx_word' id='word_1_251' title='bbox 1329 2303 1562 2357; x_wconf 86' lang='lat' dir='ltr'>episcopus,</span> <span class='ocrx_word' id='word_1_252' title='bbox 1585 2301 1657 2343; x_wconf 87' lang='grc'>(10-</span> 
     </span>
     <span class='ocr_line' id='line_1_32' title="bbox 116 2366 1656 2425; baseline 0.003 -18"><span class='ocrx_word' id='word_1_253' title='bbox 116 2379 213 2408; x_wconf 86' lang='lat' dir='ltr'>cens</span> <span class='ocrx_word' id='word_1_254' title='bbox 241 2366 454 2408; x_wconf 87' lang='lat' dir='ltr'>dominum</span> <span class='ocrx_word' id='word_1_255' title='bbox 481 2371 668 2407; x_wconf 87' lang='lat' dir='ltr'>nostrum</span> <span class='ocrx_word' id='word_1_256' title='bbox 697 2367 833 2409; x_wconf 86' lang='lat' dir='ltr'>lesum</span> <span class='ocrx_word' id='word_1_257' title='bbox 861 2368 1070 2410; x_wconf 86' lang='lat' dir='ltr'>Christum</span> <span class='ocrx_word' id='word_1_258' title='bbox 1106 2369 1228 2410; x_wconf 87' lang='lat' dir='ltr'>deum</span> <span class='ocrx_word' id='word_1_259' title='bbox 1258 2384 1400 2410; x_wconf 79' lang='lat' dir='ltr'>verum</span> <span class='ocrx_word' id='word_1_260' title='bbox 1430 2384 1656 2425; x_wconf 69' lang='lat' dir='ltr'>verumque</span> 
     </span>
     <span class='ocr_line' id='line_1_33' title="bbox 113 2434 1655 2491; baseline 0.003 -15"><span class='ocrx_word' id='word_1_261' title='bbox 113 2434 325 2477; x_wconf 91' lang='lat' dir='ltr'>hominem</span> <span class='ocrx_word' id='word_1_262' title='bbox 352 2449 426 2491; x_wconf 90' lang='lat' dir='ltr'>per</span> <span class='ocrx_word' id='word_1_263' title='bbox 452 2437 638 2487; x_wconf 70' lang='lat' dir='ltr'>virginea</span> <span class='ocrx_word' id='word_1_264' title='bbox 670 2440 828 2477; x_wconf 82' lang='lat' dir='ltr'>secreta</span> <span class='ocrx_word' id='word_1_265' title='bbox 854 2439 1074 2490; x_wconf 81' lang='lat' dir='ltr'>transisse,</span> <span class='ocrx_word' id='word_1_266' title='bbox 1104 2452 1153 2478; x_wconf 78' lang='lat' dir='ltr'>ex</span> <span class='ocrx_word' id='word_1_267' title='bbox 1175 2439 1331 2479; x_wconf 84' lang='lat' dir='ltr'>semine</span> <span class='ocrx_word' id='word_1_268' title='bbox 1353 2438 1486 2479; x_wconf 75' lang='lat' dir='ltr'>David</span> <span class='ocrx_word' id='word_1_269' title='bbox 1508 2453 1655 2480; x_wconf 87' lang='lat' dir='ltr'>sccun-</span> 
     </span>
     <span class='ocr_line' id='line_1_34' title="bbox 116 2502 1656 2561; baseline 0.003 -16"><span class='ocrx_word' id='word_1_270' title='bbox 116 2502 214 2545; x_wconf 89' lang='lat' dir='ltr'>dum</span> <span class='ocrx_word' id='word_1_271' title='bbox 235 2517 416 2557; x_wconf 87' lang='lat' dir='ltr'>carnem,</span> <span class='ocrx_word' id='word_1_272' title='bbox 444 2503 515 2545; x_wconf 88' lang='lat' dir='ltr'>sed</span> <span class='ocrx_word' id='word_1_273' title='bbox 537 2504 745 2546; x_wconf 88' lang='lat' dir='ltr'>hominem</span> <span class='ocrx_word' id='word_1_274' title='bbox 773 2505 889 2546; x_wconf 87' lang='lat' dir='ltr'>¹vere</span> <span class='ocrx_word' id='word_1_275' title='bbox 918 2511 1074 2558; x_wconf 87' lang='lat' dir='ltr'>natum,</span> <span class='ocrx_word' id='word_1_276' title='bbox 1105 2520 1200 2547; x_wconf 71' lang='lat' dir='ltr'>vere</span> <span class='ocrx_word' id='word_1_277' title='bbox 1221 2521 1403 2561; x_wconf 77' lang='lat' dir='ltr'>passum,</span> <span class='ocrx_word' id='word_1_278' title='bbox 1432 2521 1526 2548; x_wconf 78' lang='lat' dir='ltr'>vcrc</span> <span class='ocrx_word' id='word_1_279' title='bbox 1547 2522 1656 2549; x_wconf 89' lang='lat' dir='ltr'>mor-</span> 
     </span>
     <span class='ocr_line' id='line_1_35' title="bbox 114 2574 1564 2627; baseline 0.003 -15"><span class='ocrx_word' id='word_1_280' title='bbox 114 2575 243 2626; x_wconf 88' lang='lat' dir='ltr'>tuum,</span> <span class='ocrx_word' id='word_1_281' title='bbox 263 2585 358 2614; x_wconf 72' lang='lat' dir='ltr'>vere</span> <span class='ocrx_word' id='word_1_282' title='bbox 379 2574 653 2613; x_wconf 80' lang='lat' dir='ltr'>resurrexisse</span> <span class='ocrx_word' id='word_1_283' title='bbox 676 2587 697 2613; x_wconf 87' lang='lat' dir='ltr'>a</span> <span class='ocrx_word' id='word_1_284' title='bbox 718 2575 905 2627; x_wconf 88' lang='lat' dir='ltr'>mortuis,</span> <span class='ocrx_word' id='word_1_285' title='bbox 927 2579 966 2615; x_wconf 89' lang='lat' dir='ltr'>et</span> <span class='ocrx_word' id='word_1_286' title='bbox 988 2589 1082 2616; x_wconf 81' lang='lat' dir='ltr'>vere</span> <span class='ocrx_word' id='word_1_287' title='bbox 1104 2575 1340 2616; x_wconf 70' lang='lat' dir='ltr'>ascendisse</span> <span class='ocrx_word' id='word_1_288' title='bbox 1363 2577 1404 2615; x_wconf 94' lang='lat' dir='ltr'>in</span> <span class='ocrx_word' id='word_1_289' title='bbox 1427 2575 1564 2616; x_wconf 88' lang='lat' dir='ltr'>caelis.</span> 
     </span>
    </p>
   </div>
   <div class='ocr_carea' id='block_1_3' title="bbox 114 2684 1657 3095">
    <p class='ocr_par' dir='ltr' id='par_1_7' title="bbox 182 2684 1385 2730">
     <span class='ocr_line' id='line_1_36' title="bbox 182 2684 1385 2730; baseline 0.002 -12"><span class='ocrx_word' id='word_1_290' title='bbox 182 2684 264 2730; x_wconf 81' lang='lat' dir='ltr'>Cap.</span> <span class='ocrx_word' id='word_1_291' title='bbox 281 2684 370 2719; x_wconf 86' lang='lat' dir='ltr'>VIII.</span> <span class='ocrx_word' id='word_1_292' title='bbox 387 2705 430 2710; x_wconf 84' lang='lat'>—</span> <span class='ocrx_word' id='word_1_293' title='bbox 451 2686 478 2718; x_wconf 94' lang='lat' dir='ltr'>l.</span> <span class='ocrx_word' id='word_1_294' title='bbox 496 2695 633 2718; x_wconf 80' lang='lat' dir='ltr'>carnem</span> <span class='ocrx_word' id='word_1_295' title='bbox 651 2685 722 2718; x_wconf 68' lang='grc' dir='ltr'>Δ118.</span> <span class='ocrx_word' id='word_1_296' title='bbox 740 2687 920 2730; x_wconf 71' lang='lat' dir='ltr'>Auyiensc.</span> <span class='ocrx_word' id='word_1_297' title='bbox 990 2689 1020 2722; x_wconf 68' lang='lat'>2).</span> <span class='ocrx_word' id='word_1_298' title='bbox 1037 2698 1106 2721; x_wconf 83' lang='lat' dir='ltr'>non</span> <span class='ocrx_word' id='word_1_299' title='bbox 1125 2689 1202 2721; x_wconf 71' lang='lat' dir='ltr'>edit.</span> <span class='ocrx_word' id='word_1_300' title='bbox 1223 2689 1385 2721; x_wconf 63' lang='lat' dir='ltr'>Gallam.</span> 
     </span>
    </p>

    <p class='ocr_par' dir='ltr' id='par_1_8' title="bbox 114 2729 1657 2999">
     <span class='ocr_line' id='line_1_37' title="bbox 181 2729 1656 2783; baseline 0.001 -19"><span class='ocrx_word' id='word_1_301' title='bbox 181 2729 262 2783; x_wconf 74' lang='lat' dir='ltr'>Cap.</span> <span class='ocrx_word' id='word_1_302' title='bbox 279 2730 340 2764; x_wconf 84' lang='lat' dir='ltr'>IX.</span> <span class='ocrx_word' id='word_1_303' title='bbox 357 2751 400 2756; x_wconf 90' lang='lat'>—</span> <span class='ocrx_word' id='word_1_304' title='bbox 422 2731 448 2764; x_wconf 93' lang='lat' dir='ltr'>l.</span> <span class='ocrx_word' id='word_1_305' title='bbox 468 2731 540 2763; x_wconf 66' lang='lat' dir='ltr'>Hoae·</span> <span class='ocrx_word' id='word_1_306' title='bbox 559 2738 661 2775; x_wconf 66' lang='lat' dir='ltr'>vaput</span> <span class='ocrx_word' id='word_1_307' title='bbox 676 2734 709 2763; x_wconf 76' lang='lat'>7‘11</span> <span class='ocrx_word' id='word_1_308' title='bbox 725 2732 794 2765; x_wconf 74' lang='lat' dir='ltr'>MS.</span> <span class='ocrx_word' id='word_1_309' title='bbox 809 2734 975 2776; x_wconf 70' lang='lat' dir='ltr'>Auyicusi</span> <span class='ocrx_word' id='word_1_310' title='bbox 988 2735 1150 2766; x_wconf 64' lang='lat' dir='ltr'>decimum</span> <span class='ocrx_word' id='word_1_311' title='bbox 1165 2739 1220 2773; x_wconf 61' lang='lat' dir='ltr'>est,</span> <span class='ocrx_word' id='word_1_312' title='bbox 1239 2748 1281 2766; x_wconf 76' lang='grc' dir='ltr'><strong><em>(ιι-</em></strong></span> <span class='ocrx_word' id='word_1_313' title='bbox 1295 2737 1343 2766; x_wconf 72' lang='lat' dir='ltr'>si(-</span> <span class='ocrx_word' id='word_1_314' title='bbox 1358 2735 1497 2777; x_wconf 72' lang='lat' dir='ltr'>lcye‘tzlr:</span> <span class='ocrx_word' id='word_1_315' title='bbox 1514 2733 1656 2769; x_wconf 85' lang='lat' dir='ltr'>Decima</span> 
     </span>
     <span class='ocr_line' id='line_1_38' title="bbox 114 2774 1654 2819; baseline 0.003 -10"><span class='ocrx_word' id='word_1_316' title='bbox 114 2774 264 2810; x_wconf 71' lang='lat' dir='ltr'>haereffls</span> <span class='ocrx_word' id='word_1_317' title='bbox 282 2781 334 2810; x_wconf 88' lang='lat' dir='ltr'>est</span> <span class='ocrx_word' id='word_1_318' title='bbox 350 2776 622 2810; x_wconf 83' lang='lat' dir='ltr'>Nazareuorum:</span> <span class='ocrx_word' id='word_1_319' title='bbox 641 2788 718 2810; x_wconf 74' lang='lat' dir='ltr'>eum</span> <span class='ocrx_word' id='word_1_320' title='bbox 736 2778 844 2811; x_wconf 82' lang='lat' dir='ltr'>filium</span> <span class='ocrx_word' id='word_1_321' title='bbox 861 2778 914 2811; x_wconf 87' lang='lat' dir='ltr'>dei</span> <span class='ocrx_word' id='word_1_322' title='bbox 933 2778 1177 2819; x_wconf 76' lang='lat' dir='ltr'>confiteantur,</span> <span class='ocrx_word' id='word_1_323' title='bbox 1202 2780 1317 2813; x_wconf 82' lang='lat' dir='ltr'>omnia</span> <span class='ocrx_word' id='word_1_324' title='bbox 1334 2784 1449 2812; x_wconf 81' lang='lat' dir='ltr'>tamen</span> <span class='ocrx_word' id='word_1_325' title='bbox 1467 2780 1591 2814; x_wconf 84' lang='lat' dir='ltr'>veteris</span> <span class='ocrx_word' id='word_1_326' title='bbox 1609 2781 1654 2814; x_wconf 94' lang='lat' dir='ltr'>le-</span> 
     </span>
     <span class='ocr_line' id='line_1_39' title="bbox 115 2821 1654 2868; baseline 0.003 -13"><span class='ocrx_word' id='word_1_327' title='bbox 115 2821 168 2866; x_wconf 87' lang='lat' dir='ltr'>gis</span> <span class='ocrx_word' id='word_1_328' title='bbox 185 2822 388 2861; x_wconf 80' lang='lat' dir='ltr'>observant;</span> <span class='ocrx_word' id='word_1_329' title='bbox 413 2833 501 2866; x_wconf 84' lang='lat' dir='ltr'>quae</span> <span class='ocrx_word' id='word_1_330' title='bbox 527 2821 710 2855; x_wconf 59' lang='lat' dir='ltr'>Christiani</span> <span class='ocrx_word' id='word_1_331' title='bbox 736 2834 794 2867; x_wconf 84' lang='lat' dir='ltr'>per</span> <span class='ocrx_word' id='word_1_332' title='bbox 818 2825 1039 2868; x_wconf 68' lang='lat' dir='ltr'>apostolicam</span> <span class='ocrx_word' id='word_1_333' title='bbox 1060 2825 1276 2858; x_wconf 82' lang='lat' dir='ltr'>traditionem</span> <span class='ocrx_word' id='word_1_334' title='bbox 1294 2837 1362 2858; x_wconf 89' lang='grc'>11011</span> <span class='ocrx_word' id='word_1_335' title='bbox 1382 2825 1565 2858; x_wconf 68' lang='lat' dir='ltr'>observant</span> <span class='ocrx_word' id='word_1_336' title='bbox 1583 2836 1654 2860; x_wconf 87' lang='lat' dir='ltr'>car-</span> 
     </span>
     <span class='ocr_line' id='line_1_40' title="bbox 115 2866 1654 2915; baseline 0.003 -15"><span class='ocrx_word' id='word_1_337' title='bbox 115 2866 246 2909; x_wconf 83' lang='lat' dir='ltr'>naliter,</span> <span class='ocrx_word' id='word_1_338' title='bbox 263 2867 322 2901; x_wconf 88' lang='lat' dir='ltr'>sed</span> <span class='ocrx_word' id='word_1_339' title='bbox 340 2868 560 2913; x_wconf 83' lang='lat' dir='ltr'>spiritualiter</span> <span class='ocrx_word' id='word_1_340' title='bbox 584 2869 773 2911; x_wconf 70' lang='lat' dir='ltr'>intelligere</span> <span class='ocrx_word' id='word_1_341' title='bbox 797 2869 994 2903; x_wconf 82' lang='lat' dir='ltr'>didicerunt.</span> <span class='ocrx_word' id='word_1_342' title='bbox 1021 2870 1099 2904; x_wconf 72' lang='lat' dir='ltr'>Coa.</span> <span class='ocrx_word' id='word_1_343' title='bbox 1119 2883 1176 2904; x_wconf 79' lang='lat' dir='ltr'>ms.</span> <span class='ocrx_word' id='word_1_344' title='bbox 1195 2871 1362 2903; x_wconf 54' lang='lat' dir='ltr'>Manem-s..-</span> <span class='ocrx_word' id='word_1_345' title='bbox 1385 2874 1559 2915; x_wconf 72' lang='lat' dir='ltr'>conspirut</span> <span class='ocrx_word' id='word_1_346' title='bbox 1583 2884 1654 2905; x_wconf 80' lang='lat' dir='ltr'>cum</span> 
     </span>
     <span class='ocr_line' id='line_1_41' title="bbox 117 2912 1657 2958; baseline 0.005 -14"><span class='ocrx_word' id='word_1_347' title='bbox 117 2913 187 2946; x_wconf 86' lang='lat' dir='ltr'>eod.</span> <span class='ocrx_word' id='word_1_348' title='bbox 203 2912 295 2946; x_wconf 69' lang='lat' dir='ltr'>Item.</span> <span class='ocrx_word' id='word_1_349' title='bbox 320 2919 351 2946; x_wconf 86' lang='lat' dir='ltr'>et</span> <span class='ocrx_word' id='word_1_350' title='bbox 372 2915 422 2948; x_wconf 77' lang='lat' dir='ltr'>ecl.</span> <span class='ocrx_word' id='word_1_351' title='bbox 446 2914 626 2947; x_wconf 67' lang='lat' dir='ltr'>sirmondi.</span> <span class='ocrx_word' id='word_1_352' title='bbox 697 2912 727 2946; x_wconf 64' lang='lat'>⁸2.</span> <span class='ocrx_word' id='word_1_353' title='bbox 749 2915 953 2949; x_wconf 77' lang='lat' dir='ltr'>Gallandius</span> <span class='ocrx_word' id='word_1_354' title='bbox 969 2916 1075 2949; x_wconf 76' lang='lat' dir='ltr'>edidit</span> <span class='ocrx_word' id='word_1_355' title='bbox 1093 2914 1246 2958; x_wconf 83' lang='lat' dir='ltr'>Galatia,</span> <span class='ocrx_word' id='word_1_356' title='bbox 1271 2922 1302 2950; x_wconf 82' lang='lat' dir='ltr'>et</span> <span class='ocrx_word' id='word_1_357' title='bbox 1323 2920 1358 2949; x_wconf 77' lang='lat' dir='ltr'>in</span> <span class='ocrx_word' id='word_1_358' title='bbox 1381 2917 1493 2950; x_wconf 75' lang='lat' dir='ltr'>adnot.</span> <span class='ocrx_word' id='word_1_359' title='bbox 1519 2920 1657 2951; x_wconf 72' lang='lat' dir='ltr'>coniicit</span> 
     </span>
     <span class='ocr_line' id='line_1_42' title="bbox 118 2955 736 2999; baseline 0.002 -8"><span class='ocrx_word' id='word_1_360' title='bbox 118 2955 283 2999; x_wconf 78' lang='lat' dir='ltr'>Galatiae,</span> <span class='ocrx_word' id='word_1_361' title='bbox 298 2961 349 2991; x_wconf 81' lang='lat' dir='ltr'>uti</span> <span class='ocrx_word' id='word_1_362' title='bbox 363 2960 519 2992; x_wconf 80' lang='lat' dir='ltr'>ediderat</span> <span class='ocrx_word' id='word_1_363' title='bbox 531 2959 736 2992; x_wconf 63' lang='lat' dir='ltr'>Sit-mondus.</span> 
     </span>
    </p>

    <p class='ocr_par' dir='ltr' id='par_1_9' title="bbox 183 3002 1486 3051">
     <span class='ocr_line' id='line_1_43' title="bbox 183 3002 1486 3051; baseline 0.002 -14"><span class='ocrx_word' id='word_1_364' title='bbox 183 3002 264 3048; x_wconf 87' lang='lat' dir='ltr'>Cap.</span> <span class='ocrx_word' id='word_1_365' title='bbox 279 3003 326 3037; x_wconf 88' lang='lat' dir='ltr'>X.</span> <span class='ocrx_word' id='word_1_366' title='bbox 341 3024 387 3030; x_wconf 95' lang='lat'>—</span> <span class='ocrx_word' id='word_1_367' title='bbox 405 3004 433 3038; x_wconf 97' lang='lat' dir='ltr'>l.</span> <span class='ocrx_word' id='word_1_368' title='bbox 451 3004 526 3037; x_wconf 81' lang='lat' dir='ltr'>Hoc</span> <span class='ocrx_word' id='word_1_369' title='bbox 543 3010 647 3049; x_wconf 74' lang='lat' dir='ltr'>capnt</span> <span class='ocrx_word' id='word_1_370' title='bbox 660 3007 696 3037; x_wconf 75' lang='lat' dir='ltr'>in</span> <span class='ocrx_word' id='word_1_371' title='bbox 712 3004 784 3040; x_wconf 83' lang='lat' dir='ltr'>MS.</span> <span class='ocrx_word' id='word_1_372' title='bbox 803 3006 968 3051; x_wconf 74' lang='lat' dir='ltr'>Auqiensi</span> <span class='ocrx_word' id='word_1_373' title='bbox 984 3018 1101 3040; x_wconf 77' lang='lat' dir='ltr'>nonum</span> <span class='ocrx_word' id='word_1_374' title='bbox 1117 3013 1174 3042; x_wconf 78' lang='lat' dir='ltr'>est.</span> <span class='ocrx_word' id='word_1_375' title='bbox 1247 3008 1277 3041; x_wconf 80' lang='lat'>2.</span> <span class='ocrx_word' id='word_1_376' title='bbox 1294 3007 1374 3041; x_wconf 83' lang='lat' dir='ltr'>Luc.</span> <span class='ocrx_word' id='word_1_377' title='bbox 1392 3006 1416 3049; x_wconf 85' lang='lat' dir='ltr'>I,</span> <span class='ocrx_word' id='word_1_378' title='bbox 1434 3006 1486 3041; x_wconf 86' lang='lat'>35.</span> 
     </span>
    </p>

    <p class='ocr_par' dir='ltr' id='par_1_10' title="bbox 183 3046 1004 3095">
     <span class='ocr_line' id='line_1_44' title="bbox 183 3046 1004 3095; baseline 0.004 -13"><span class='ocrx_word' id='word_1_379' title='bbox 183 3046 262 3094; x_wconf 82' lang='lat' dir='ltr'>Cap.</span> <span class='ocrx_word' id='word_1_380' title='bbox 280 3047 340 3083; x_wconf 89' lang='lat' dir='ltr'>XI.</span> <span class='ocrx_word' id='word_1_381' title='bbox 359 3070 402 3076; x_wconf 84' lang='lat'>—</span> <span class='ocrx_word' id='word_1_382' title='bbox 422 3049 449 3083; x_wconf 97' lang='lat' dir='ltr'>l.</span> <span class='ocrx_word' id='word_1_383' title='bbox 466 3060 583 3084; x_wconf 83' lang='lat' dir='ltr'>verum</span> <span class='ocrx_word' id='word_1_384' title='bbox 601 3053 720 3084; x_wconf 87' lang='lat' dir='ltr'>natum</span> <span class='ocrx_word' id='word_1_385' title='bbox 738 3049 808 3084; x_wconf 89' lang='lat' dir='ltr'>MS.</span> <span class='ocrx_word' id='word_1_386' title='bbox 828 3052 1004 3095; x_wconf 72' lang='lat' dir='ltr'>Auyienee.</span> 
     </span>
    </p>
   </div>
   <div class='ocr_carea' id='block_1_4' title="bbox 1687 587 1851 620">
    <p class='ocr_par' dir='ltr' id='par_1_11' title="bbox 1687 587 1851 620">
     <span class='ocr_line' id='line_1_45' title="bbox 1687 587 1851 620; baseline 0.006 -8"><span class='ocrx_word' id='word_1_387' title='bbox 1687 587 1754 620; x_wconf 81' lang='lat' dir='ltr'>Cap.</span> <span class='ocrx_word' id='word_1_388' title='bbox 1774 588 1851 613; x_wconf 85' lang='lat' dir='ltr'>VIII.</span> 
     </span>
    </p>
   </div>
   <div class='ocr_carea' id='block_1_5' title="bbox 1686 1067 1817 1100">
    <p class='ocr_par' dir='ltr' id='par_1_12' title="bbox 1686 1067 1817 1100">
     <span class='ocr_line' id='line_1_46' title="bbox 1686 1067 1817 1100; baseline 0 -9"><span class='ocrx_word' id='word_1_389' title='bbox 1686 1067 1753 1100; x_wconf 80' lang='lat' dir='ltr'>Cap.</span> <span class='ocrx_word' id='word_1_390' title='bbox 1773 1068 1817 1092; x_wconf 78' lang='lat' dir='ltr'>lX.</span> 
     </span>
    </p>
   </div>
   <div class='ocr_carea' id='block_1_6' title="bbox 1684 1412 1799 1444">
    <p class='ocr_par' dir='ltr' id='par_1_13' title="bbox 1684 1412 1799 1444">
     <span class='ocr_line' id='line_1_47' title="bbox 1684 1412 1799 1444; baseline 0 -8"><span class='ocrx_word' id='word_1_391' title='bbox 1684 1412 1750 1444; x_wconf 82' lang='lat' dir='ltr'>Cap.</span> <span class='ocrx_word' id='word_1_392' title='bbox 1769 1412 1799 1436; x_wconf 80' lang='lat' dir='ltr'>X.</span> 
     </span>
    </p>
   </div>
   <div class='ocr_carea' id='block_1_7' title="bbox 1684 1834 1817 1866">
    <p class='ocr_par' dir='ltr' id='par_1_14' title="bbox 1684 1834 1817 1866">
     <span class='ocr_line' id='line_1_48' title="bbox 1684 1834 1817 1866; baseline 0 -7"><span class='ocrx_word' id='word_1_393' title='bbox 1684 1834 1751 1866; x_wconf 75' lang='lat' dir='ltr'>Cap.</span> <span class='ocrx_word' id='word_1_394' title='bbox 1771 1835 1817 1859; x_wconf 77' lang='lat' dir='ltr'>XI.</span> 
     </span>
    </p>
   </div>
  </div>
 </body>
</html>
