2052 3374
660 244 711 270 DE
730 244 963 274 HAERESIBUS
981 247 1102 276 LIBER.

1596 257 1648 300 81

107 341 287 396 domino,
309 346 350 384 et
371 343 484 387 aliud
507 352 650 390 contra
669 348 802 405 legem
824 352 1010 407 suadere,
1032 359 1256 411 contraque
1278 356 1493 400 amborum
1513 359 1648 403 facere

102 409 368 454 voluntatem.
415 413 466 455 Et
492 416 679 464 iterumk:
721 417 806 471 Qui
828 436 910 463 non
935 424 1181 478 manducat,
1216 427 1535 470 manducantem
1566 445 1650 472 non

102 487 283 534 spernat,
305 488 343 522 et
363 484 439 537 qui
454 486 696 540 manducat,
718 503 802 529 non
821 492 1143 533 manducantem
1156 508 1239 535 ozon
1255 495 1421 537 iudicet.
1460 498 1576 548 Quod
1598 513 1649 540 ex

100 546 310 590 voluntate
333 554 396 591 est
415 552 567 607 itaque,
588 554 723 597 laudis
746 561 809 598 est
829 558 1055 614 amplioris⁷
1076 562 1157 602 imo
1176 564 1311 616 potius
1328 566 1530 608 mercedis
1549 582 1642 609 cae-

98 614 215 658 lestis
236 622 300 659 est
320 617 584 676 desiderium,
607 624 715 678 quod
735 630 873 667 autem
896 631 1012 669 extra
1032 628 1164 682 legem
1187 636 1262 685 est⁷
1284 646 1367 674 non
1389 648 1412 675 a
1435 635 1509 677 deo
1529 636 1646 678 Chri-

99 688 162 726 sto
184 689 247 726 est
265 687 483 742 traditum,
512 691 586 732 sed
611 694 727 734 inani
752 693 968 737 hominum
994 701 1330 754 praesumptione
1362 707 1402 743 et
1425 717 1558 746 errore
1580 707 1644 748 in-

96 757 278 796 ventum.
310 755 520 812 Scriptum
541 764 604 801 est
624 763 735 804 enim
752 761 778 803 ¹:
814 763 882 805 Do
902 764 1018 806 vobis
1041 769 1177 808 omnia
1200 770 1317 810 edere
1336 772 1643 828 sz'cuz‘foemcm.

95 822 183 864 Hoc
204 828 343 865 autem
363 825 454 868 ideo
481 827 658 883 faciunt,
685 835 730 872 ut
758 845 873 874 escas
900 833 1101 888 paulatim
1129 843 1373 891 spernentes
1405 840 1546 883 dicant
1575 857 1644 885 eas

94 903 177 932 non
197 905 287 934 esse
308 893 454 948 bonas,
476 901 516 937 et
536 898 595 938 ita
615 912 698 940 nou
719 914 744 940 a
765 899 840 942 deo
861 901 1100 945 hominibus
1119 918 1238 946 escae
1257 920 1379 949 causa
1396 908 1524 951 fuisse
1543 926 1642 953 con-

95 972 254 1015 cessas,
282 962 355 1004 sed
376 977 400 1004 a
421 963 583 1007 diabolo
605 966 765 1009 factasm
785 974 832 1009 ut
853 970 1067 1026 adserant,
1093 974 1152 1014 ita
1172 977 1369 1017 sentiunt.
1414 977 1544 1033 Inque
1565 981 1642 1023 hoe

92 1029 175 1070 iam
196 1034 426 1073 creaturam
446 1047 529 1075 non
550 1049 574 1075 a
595 1034 670 1078 deo
694 1041 887 1093 creatam,
910 1040 983 1081 sed
1005 1055 1028 1081 a
1050 1041 1211 1084 diabolo
1235 1057 1325 1086 eam
1346 1046 1500 1088 factam
1520 1062 1641 1103 prae-

93 1095 229 1139 dicare
249 1100 457 1156 nituntur,
485 1117 639 1159 perque
667 1104 745 1147 hoc
776 1107 1039 1151 mendacium
1069 1111 1293 1155 multorum
1320 1116 1480 1157 animas
1509 1120 1639 1174 capti—

91 1164 253 1209 v'arunt.

174 1236 245 1277 1111
264 1237 405 1280 Africa
425 1244 521 1281 sunt
543 1243 612 1296 qui
634 1242 908 1287 Circuitores³
930 1245 1135 1290 dicuntur.
1174 1248 1190 1274 ‘2
1198 1251 1251 1292 Hi
1274 1253 1532 1297 circumeunt
1552 1260 1636 1298 ter-

90 1317 169 1358 ras,
190 1309 232 1346 et
252 1319 354 1361 quos
374 1309 594 1351 inveniunt
613 1313 657 1353 in
678 1314 758 1366 via,
781 1319 931 1368 cogunt
952 1330 1019 1358 eos
1041 1322 1088 1359 ut
1108 1320 1436 1364 interficianturb
1466 1325 1516 1366 ab
1539 1325 1636 1381 illis,

89 1372 274 1416 dicentes
296 1389 340 1417 se
362 1376 596 1420 desiderare
616 1382 704 1436 pati
723 1385 990 1439 martyrium,
1020 1391 1061 1427 et
1090 1387 1166 1429 sub
1191 1403 1315 1431 causa
1335 1390 1413 1433 hac
1434 1394 1555 1436 multi
1575 1395 1636 1437 la-

86 1444 344 1486 trocinantur
364 1446 586 1489 interdum.
621 1449 795 1499 Quidam
812 1458 951 1494 autem
967 1468 1017 1495 ex
1039 1455 1127 1497 3his
1143 1456 1257 1499 velut
1274 1459 1530 1504 biothanatic
1546 1478 1635 1507 mo-

87 1511 262 1566 riuntur,
283 1527 372 1556 sese
395 1514 541 1557 dantes
563 1517 615 1558 ad
630 1521 936 1575 praecipitium,
959 1522 1248 1581 diversumque
1267 1528 1447 1572 subeunt
1463 1532 1634 1575 calami-

86 1581 183 1622 tatis
204 1582 431 1625 interitum.
465 1585 543 1635 Qui
565 1599 658 1628 cum
679 1588 767 1629 sine
791 1603 915 1631 causa
934 1594 1068 1646 perire
1091 1595 1148 1635 ita
1169 1603 1413 1653 properant,
1434 1600 1634 1645 honestae

85 1651 229 1692 mortis
251 1653 459 1694 sustinent
479 1653 727 1698 detrimenta
736 1657 766 1711 (¹,
788 1662 829 1700 et
849 1659 1000 1703 iudicio
1023 1661 1090 1703 dei
1110 1663 1244 1707 futuro
1268 1680 1310 1708 se
1334 1670 1472 1723 potius
1493 1671 1632 1727 impli-

85 1722 182 1760 cant
201 1733 325 1774 quam
345 1721 523 1764 solvunt.

140 1787 248 1831 ¹Nec
271 1788 422 1832 desunt
442 1793 512 1847 qui
541 1806 636 1836 cum
662 1793 899 1839 hominibus
927 1811 1013 1842 non
1034 1806 1203 1844 sumunt
1224 1812 1387 1860 escas2,
1414 1821 1630 1863 praesum-

171 1923 221 1959 Ca
246 1952 254 1959 .
270 1925 448 1962 LXXXV.
472 1930 509 1962 in
531 1929 639 1964 Boeo.
665 1933 860 1977 inscriptum
885 1934 986 1969 habet
1006 1935 1254 1976 Cmcmorms.
1284 1962 1327 1968 —
1365 1943 1395 1978 1.
1411 1943 1480 1979 Α111
1496 1946 1629 1983 suntin

82 1969 198 2005 Africa
241 1972 419 2006 ircuitores
438 1975 497 2019 qui
513 1975 561 2008 ita
578 1975 736 2010 dicuntur
753 1979 797 2013 Α.
868 1979 898 2015 2.
915 1979 963 2015 hii
981 1982 1023 2017 Β.
1092 1983 1123 2019 3.
1140 1985 1206 2020 hiis
1224 1987 1291 2022 Ba.

149 2016 510 2098 1CZpl.1LXXXVI.A²'te
525 2021 598 2055 abc.
612 2025 808 2068 inscriptum
822 2024 923 2060 hahet
932 2027 1106 2065 HAnssEffls
1120 2042 1165 2065 DE
1181 2042 1261 2068 cmo
1277 2046 1319 2068 ET
1333 2046 1469 2072 sprmrv
1481 2049 1626 2077 smero.

82 2081 124 2087 —
170 2088 177 2096 .
241 2063 260 2070 ''
278 2068 359 2098 sunt
375 2065 435 2110 qui
489 2094 496 2100 .

122 2174 157 2211 k.
180 2176 224 2211 Et
238 2178 379 2222 iterum]
401 2179 499 2214 Rom.
517 2180 608 2215 XIV.
626 2181 657 2215 3.
680 2183 816 2218 inverso

79 2221 210 2256 ordine:
244 2222 282 2266 ᾖὁ
307 2222 420 2258 ἐσθίων
452 2226 507 2258 τὀν
533 2226 576 2271 μὴ
601 2225 747 2261 ἐσθίον-,α
772 2229 814 2275 μὴ

79 2265 282 2314 ε’ξουθενέτω,
300 2269 352 2303 καὶ
370 2269 387 2304 ὁ
406 2270 449 2316 μὴ
467 2270 580 2304 ἐσθίων
597 2273 652 2305 τὀν
670 2272 815 2308 ἐσθίον-,α

79 2311 122 2356 μὴ
139 2313 303 2359 κρινέτω.’“
328 2315 419 2356 „Qui
433 2319 626 2360 manducat,
644 2332 703 2352 non
723 2333 814 2354 man-

78 2359 252 2393 duc-antem
275 2373 314 2394 ne
336 2369 487 2406 spernet.-
512 2370 544 2397 et
564 2367 621 2408 qui
640 2378 704 2398 non
720 2379 812 2400 man-

77 2404 189 2446 duc-at,
204 2408 458 2442 manducantem
480 2422 519 2442 ne
533 2412 689 2444 1·ud1'cet.'’
736 2413 811 2453 (F.)

119 2449 142 2483 l.
171 2450 244 2485 Scri
270 2455 344 2486 tum
367 2457 418 2488 est
435 2455 541 2498 enim]
575 2455 697 2490 Genes.
715 2457 740 2490 I.
758 2458 810 2491 29.

74 2493 200 2540 legitur
216 2524 232 2539 „
249 2497 306 2530 δοὶι
321 2497 449 2532 δέδωκα
462 2499 535 2533 ὑιίὶν
545 2499 648 2534 πάντα
657 2503 810 2547 χόρτον,”

74 2550 143 2575 11011
160 2540 224 2584 ,ὡς
240 2543 394 2588 χόρτον.”
440 2533 516 2588 (11³¹.)

95 2596 141 2620 m.
165 2597 187 2620 a
201 2587 336 2623 diabolo
353 2589 480 2635 factas]
502 2592 575 2626 Hoc
591 2592 808 2629 Priscilliani-

73 2631 135 2665 stis
151 2631 275 2668 diserte
286 2635 446 2670 tribuitur
463 2637 506 2671 ab
519 2639 713 2683 Augustino
729 2639 808 2674 hae-

72 2677 139 2755 1ῗεί
150 2677 204 2712 70.
221 2683 256 2713 et
269 2679 306 2714 in
318 2679 469 2717 Concilio
481 2682 703 2719 Braccarensi
716 2696 743 2719 c.
758 2686 808 2720 13.

73 2722 92 2760 (
122 2723 214 2767 abr.)

116 2766 197 2814 Cap.
213 2769 391 2807 LXXXV.
408 2793 452 2798 —
475 2784 505 2808 a.
524 2774 745 2819 circuitores]
765 2777 809 2812 Hi

73 2816 243 2860 suntquos
252 2815 550 2854 Circumcelliones
557 2822 730 2866 appellant
739 2823 808 2865 alii,

71 2860 111 2891 ut
123 2858 338 2905 Augustinus
360 2867 394 2897 et
415 2865 544 2899 Auctor
560 2866 806 2902 Praedestinati

72 2911 100 2936 c.
112 2902 165 2938 69.
201 2906 303 2952 Apud
317 2907 485 2945 Isidorum
496 2911 584 2945 VIII.
602 2912 632 2947 5.
650 2924 710 2958 pro
726 2913 804 2947 Cro-

72 2951 183 2993 topitis
195 2951 381 2997 legendum
399 2955 583 3001 Gampitae.
631 2958 705 3001 (F.)

115 2993 147 3028 b.
171 3002 301 3042 cogunt
315 3010 375 3034 eos
386 3004 426 3035 ut
436 3001 698 3047 interficiantur]
714 3005 805 3039 Mor-

71 3039 138 3072 tem
154 3040 232 3084 illis,
248 3044 285 3078 ni
299 3044 334 3078 id
345 3045 507 3089 facerent,
524 3049 655 3083 minati.
681 3050 806 3086 Confer

71 3082 110 3118 D.
125 3084 209 3122 Tho.
224 3087 334 3135 Ittigii
346 3091 532 3129 Historiam
546 3094 804 3133 Donatistarum

887 2188 916 2230 ξ.
934 2187 987 2222 82.
1013 2189 1142 2225 Similis
1170 2192 1205 2226 in
1229 2194 1454 2232 autochiriam
1475 2198 1624 2246 impetus

883 2232 1171 2280 Fannianorum,
1197 2239 1238 2273 de
1256 2242 1379 2285 quibus
1402 2255 1507 2291 supra
1523 2257 1551 2280 c.
1570 2248 1623 2282 62.

884 2280 901 2318 (
901 2279 935 2311 F
934 2281 1006 2313 abr.
1006 2286 1023 2324 )

927 2336 954 2359 c.
978 2326 1185 2373 biothanati]
1207 2331 1422 2369 Vocabulum
1438 2347 1507 2371 non
1522 2348 1542 2371 a
1555 2338 1621 2382 βίος

881 2369 1079 2416 derivatum,
1094 2376 1153 2409 sed
1169 2387 1190 2409 a
1202 2376 1264 2420 βία,
1282 2380 1375 2413 velut
1389 2381 1620 2428 βιαιοθάνατος,

880 2417 971 2460 quod
988 2419 1021 2452 vi
1038 2421 1186 2464 quadam
1203 2423 1246 2456 ad
1263 2429 1409 2459 mortem
1426 2434 1542 2471 ruant,
1566 2432 1620 2465 vel

879 2462 912 2495 vi
928 2463 1023 2497 illata
1045 2477 1165 2500 necem
1188 2468 1255 2502 sibi
1277 2472 1502 2507 consciscant.
1535 2476 1620 2510 Vide

879 2505 1048 2553 Cangimn
1057 2511 1092 2544 in
1104 2517 1248 2559 utroque
1259 2515 1432 2552 Glossario
1442 2519 1618 2556 etElmen-

877 2551 1043 2589 horstium
1060 2557 1103 2590 ad
1117 2558 1310 2595 Arnobium
1325 2574 1358 2607 p.
1375 2562 1429 2597 37.
1445 2576 1516 2611 seq.
1541 2567 1618 2610 [Pe-

876 2602 968 2633 trum
992 2601 1261 2649 Wesselingium
1284 2608 1320 2642 in
1344 2609 1430 2644 libro
1454 2610 1616 2647 Probabi-

875 2643 959 2678 lium
1002 2646 1091 2691 .35.]
1137 2650 1212 2694 (F.)

920 2689 940 2723 d
974 2657 1140 2728 honestae
1162 2698 1282 2731 mortis
1313 2701 1487 2735 sustinent
1513 2703 1613 2738 detri-

875 2739 1006 2780 menta]
1030 2738 1167 2775 Honore
1183 2744 1303 2778 mortis
1320 2744 1500 2790 honestae,
1524 2759 1612 2794 quae

874 2791 935 2825 per
955 2787 1114 2819 naturam
1136 2797 1195 2821 eos
1216 2791 1395 2835 manebat,
1416 2794 1554 2838 privant
1574 2806 1613 2829 se

874 2827 928 2860 cul
955 2838 975 2861 a
990 2840 1064 2863 sua.
1112 2832 1187 2875 (F.)

946 2883 997 2919 ap.
1010 2874 1202 2912 LXXXVI.
1217 2899 1261 2904 —
1277 2891 1307 2914 a.
1324 2892 1403 2917 cum
1414 2882 1609 2919 hominibus

873 2927 942 2952 non
955 2926 1097 2955 sumunt
1108 2926 1221 2968 escas]
1246 2926 1462 2973 Augustinus
1478 2930 1610 2965 haeresi

874 2962 927 2997 71.
968 2966 1088 3005 „Dic-it
1106 2968 1280 3004 Phila-ster
1296 2985 1363 3007 esse
1387 2976 1473 3008 alius
1488 2976 1607 3010 lzaere-

874 3011 972 3051 ticos,
1003 3015 1060 3055 qui
1089 3025 1160 3047 cum
1183 3015 1368 3052 hominibus
1395 3032 1458 3053 non
1480 3029 1609 3056 sumunt

873 3065 977 3096 escas‘,
999 3059 1059 3091 sed
1073 3064 1181 3093 utrum
1198 3073 1268 3095 cum
1286 3065 1376 3105 aliis,
1393 3068 1450 3109 qui
1463 3069 1606 3102 eiusdem

872 3107 983 3135 sectae
998 3115 1062 3137 non
1081 3111 1171 3147 sunt,
1188 3119 1233 3141 an
1249 3111 1349 3142 etiam
1364 3113 1451 3145 inter
1466 3124 1501 3147 se
1515 3116 1606 3158 ipsos

1316 3164 1336 3198 6

1663 1266 1730 1301 Cap.
1749 1267 1879 1296 LXXXV.

1657 1820 1722 1856 Cap.
1741 1822 1889 1852 LXXXVI.
