2052 3374
666 214 717 240 DE
735 215 968 244 HAERESIBUS
987 219 1107 246 LIBER.

1571 229 1648 271 129

113 313 232 353 sitate
254 313 503 357 Graecorum
520 321 689 372 putatur
704 334 793 362 esse
811 322 841 347 ¹⁵
850 325 1080 379 antiquum,
1101 327 1343 382 temporalei
1362 329 1496 372 modis
1513 335 1646 374 omni-

111 384 184 421 bus
203 382 387 436 ipsorum
407 386 619 428 autoribus
647 391 897 433 testantibus
927 394 1235 449 comprobatur,
1263 396 1440 440 Solonek
1467 403 1646 444 testante

108 448 432 493 Atheniensibus
463 455 569 507 quod
598 456 648 497 ab
671 458 871 514 Aegyptio
902 461 1077 503 audierit
1112 465 1363 519 sacerdote1,
1396 467 1558 511 dicente
1588 472 1645 512 ei:

108 514 235 558 Solon
256 517 287 542 ¹⁶
296 517 437 574 Solon,
464 520 620 565 Graeci
637 540 706 567 vos
726 542 884 582 semper
905 531 996 570 estis
1016 533 1168 573 novelli
1186 542 1309 589 atque
1323 540 1460 590 pueri.
1513 537 1645 582 Grae-

108 599 177 626 cus
197 594 335 628 autem
354 604 569 646 nunquam
590 595 668 634 erit
685 609 807 636 senex
827 605 903 637 aut
921 600 1140 654 antiquus,
1162 616 1291 657 neque
1313 605 1545 648 doctrinam
1566 608 1644 650 ali-

106 667 232 708 quam
252 664 328 698 aut
346 659 559 700 scientiam
581 661 735 703 habeti&
763 666 1000 719 antiquam,
1029 669 1102 708 secl
1130 668 1182 709 ab
1211 672 1305 712 ali-223
1333 683 1501 729 ‘raptam
1522 685 1645 732 atque

104 721 332 765 ”invasam
352 725 528 779 habetis,
558 744 726 785 eamque
748 732 918 774 diversis
944 736 1171 777 mendaciis
1192 740 1451 784 immutatam
1472 749 1642 801 exponi-

102 791 174 844 tis,
197 800 321 848 atque
340 796 400 835 ita
421 795 600 838 homines
628 799 813 840 edoceas.
858 800 974 844 Plato
997 806 1107 846 enim
1128 807 1171 846 in
1194 807 1360 851 Timaeo
1383 813 1440 852 ita
1468 813 1640 856 dictitat.

101 857 207 901 Nam
227 866 322 916 post
343 864 626 907 confusionem
646 866 879 921 linguarum
904 874 1003 912 tunc
1032 876 1201 916 nomina
1230 876 1391 920 diversa
1420 887 1643 937 coeperunt

100 941 305 983 emanare,
320 935 442 986 atque
458 933 554 975 inde
571 941 780 977 sumentes
799 938 944 980 Graeci
959 940 1277 999 historiographi
1294 946 1372 988 duo
1390 955 1461 990 aut
1475 955 1559 993 tres
1577 952 1638 994 di-

97 1009 217 1038 versa
225 997 339 1040 velut
354 1000 655 1044 ¹⁸monumenta
671 1006 995 1061 conscribentes,
1012 1012 1359 1066 temporalitatem
1367 1023 1394 1040 ¹¹¹
1411 1032 1505 1059 cum
1522 1034 1639 1063 suam

96 1063 241 1106 volunt
261 1066 504 1111 obumbrare
525 1076 648 1126 atque
669 1072 944 1129 abscondere,
973 1092 996 1117 a
1024 1081 1109 1120 suis
1130 1082 1308 1124 testibus
1328 1087 1640 1131 mendacissimi

95 1133 263 1176 iudicati
283 1142 381 1178 sunt
400 1143 522 1192 atque
544 1141 812 1195 comprobati.
850 1145 967 1186 ‘Cum
996 1149 1107 1189 enim
1137 1152 1435 1207 quinquaginta
1465 1155 1513 1197 de
1535 1158 1637 1212 ipsis

95 1205 360 1247 consentiunt
371 1205 420 1247 de
433 1209 676 1262 antiquitate
694 1216 848 1264 nostra,
868 1213 911 1254 id
933 1220 997 1255 est
1014 1216 1171 1270 Graeci,
1192 1220 1399 1276 Aegyptii,
1424 1224 1634 1282 Chaldaei,

94 1269 206 1326 Syri,
235 1272 314 1315 duo
336 1279 475 1317 autem
495 1281 566 1318 aut
585 1282 670 1319 tres
693 1279 958 1335 dissentiunt,
980 1285 1127 1326 iustius
1151 1293 1212 1328 est
1234 1289 1376 1332 multis
1399 1307 1632 1337 consonan-

93 1338 202 1381 tibus
222 1341 265 1382 in
286 1355 415 1384 unum
436 1358 560 1399 quam
581 1346 740 1388 duobus
772 1354 843 1390 aut
870 1351 1002 1393 tribus
1031 1353 1341 1399 dissonantibus
1363 1360 1628 1418 historiogra-

90 1406 183 1463 phis
204 1412 480 1466 acquiescere,
503 1416 598 1469 quia
617 1415 737 1457 multi
760 1416 818 1458 illi
840 1421 975 1461 verius
998 1434 1121 1475 quam
1144 1424 1222 1467 duo
1245 1426 1473 1471 edixerunt.

172 1476 268 1519 ¹Est
288 1484 329 1520 et
348 1479 530 1523 haeresis
552 1497 654 1537 quae
677 1484 777 1526 dicit
797 1487 872 1528 sub
894 1488 1142 1532 Deucalione
1166 1498 1205 1534 et
1226 1494 1406 1549 Pyrrhaa
1427 1498 1628 1543 diluvium

90 1543 215 1587 fuisse
235 1545 252 1570 2
260 1549 470 1603 antiquius
493 1564 616 1605 quam
638 1553 746 1607 quod
768 1555 843 1595 sub
866 1555 976 1598 3Noe
1006 1558 1158 1602 factum
1186 1562 1284 1604 4est.
1334 1566 1449 1615 Quod
1477 1572 1626 1624 pagani

89 1614 383 1659 transferentes
413 1621 584 1661 mutatis
613 1622 850 1665 nominibus
880 1626 1007 1681 impio
1037 1629 1158 1672 modo
1190 1635 1231 1672 et
1265 1647 1402 1678 arcam
1437 1637 1552 1681 velut
1583 1640 1628 1683 in

178 1738 230 1775 15.
249 1745 434 1786 antequam
450 1744 495 1778 A.
568 1745 618 1779 16.
636 1745 716 1781 Solo
736 1746 776 1781 B.
849 1749 899 1783 17.
918 1750 1063 1786 invisam
1082 1754 1110 1789 b.

174 1784 256 1832 Cap.
274 1785 414 1822 CXXII.
439 1791 474 1822 in
497 1790 570 1824 abc.
599 1794 795 1837 inscriptum
825 1802 874 1828 est
898 1794 949 1830 Dr:
975 1809 1117 1833 nirvvro
1146 1811 1323 1839 nammis.
1352 1825 1395 1831 —
1432 1807 1462 1844 1.
1479 1809 1556 1844 Alia
1573 1816 1625 1846 est

84 1826 235 1866 haeresis
251 1833 298 1867 A.
366 1833 398 1868 2.
415 1835 692 1880 antiquissimum
709 1839 753 1872 A.
822 1840 854 1874 3.
870 1840 943 1876 Noe
961 1843 1059 1879 beato
1076 1846 1121 1879 A.
1190 1848 1221 1882 4.
1238 1854 1289 1884 est
1305 1863 1364 1886 om.
1382 1853 1411 1886 b.

1310 1978 1327 1986 ..ι

127 1956 148 1991 i.
170 1959 374 2004 temporale]
399 1959 558 1996 Recentis
583 1967 616 1996 et
638 1975 708 1998 non
732 1964 816 1999 adeo
885 1965 915 2000 ἐν
926 1966 1133 2004 Ἡλιουπόλει
1147 1972 1180 2006 δὲ
1190 1973 1336 2020 Ωγλαπι,
1351 1976 1575 2027 ἐνΣεβενν-ἇτῳ
1589 1983 1623 2016 δὲ

81 2001 206 2048 longae
225 2008 315 2039 retro
338 2007 470 2041 aetatis.
501 2007 554 2041 Ita
575 2020 679 2054 supra
696 2022 722 2044 c.
744 2010 816 2045 109.

82 2051 117 2082 et
130 2049 202 2083 111.
218 2054 252 2083 et
267 2062 351 2085 mox
366 2050 430 2086 hoc
443 2053 517 2098 ipso
531 2055 657 2099 capite:
678 2062 817 2101 „tempo-

80 2094 252 2128 ralitatem
266 2108 338 2130 cum
354 2109 449 2131 suam
464 2101 577 2132 volunt
590 2101 816 2143 obumbrat&

81 2142 116 2173 et
125 2141 282 2185 proximo
296 2153 325 2178 c.
338 2143 411 2177 119.
428 2146 583 2188 „quodest
590 2149 815 2191 temporalita-

81 2186 124 2218 tic
137 2188 171 2218 in
181 2191 388 2231 paqam'tate
404 2192 619 2224 vanissima.“
666 2193 740 2236 (F.)

121 2229 156 2264 k.
179 2231 321 2276 Solone]
344 2234 445 2280 Apud
460 2234 652 2278 Platonem,
674 2238 814 2273 Timaeo

79 2284 113 2321 p.
121 2275 197 2311 474.
217 2273 287 2320 „³9
304 2278 432 2323 Σόλων,
450 2280 576 2325 Σόλων,
594 2281 753 2325 ’Έλληνες
771 2283 816 2317 ἀεὶ

79 2321 188 2362 παῖδες
204 2321 285 2367 ἐστέ,
302 2324 406 2370 γέρων
424 2325 458 2359 δὲ
474 2324 600 2370 ’Ἕλλην
618 2327 677 2360 οὐκ
689 2327 815 2362 ἐστίν--

79 2366 142 2400 νέοι
157 2365 229 2402 ἐστὲ
243 2367 298 2408 τὰς
313 2368 417 2415 ψυγὰς
437 2370 564 2416 πάντες,
585 2373 734 2419 οὐδεμίαν
752 2375 812 2420 γὰρ

79 2409 110 2445 ἐν
126 2411 237 2453 αὐταῖς
253 2411 342 2460 ἔχετε
360 2411 391 2449 3'?
406 2415 465 2462 ἀρ]
473 2418 542 2450 αἶαν
560 2417 656 2461 ἀκοὴν
675 2419 812 2454 παλαιὰν

79 2454 186 2504 δόξαν,
200 2458 276 2493 οὐδὲ
288 2458 422 2507 μάθημα
434 2474 441 2479 ·
460 2458 546 2508 glovus
561 2464 674 2497 πολιὸν
688 2465 812 2500 οὗδέν.’”

76 2500 229 2539 Eundem
240 2505 354 2541 locum
366 2507 424 2542 lau
449 2503 509 2543 ant
520 2500 668 2544 lustinus
682 2512 812 2556 Martyr

77 2546 316 2586 Cohormtione
338 2552 380 2586 ad
406 2552 553 2589 Graecos
570 2567 602 2600 p.
624 2556 672 2589 13.
704 2557 810 2601 Cyri!-

75 2591 129 2628 lus
146 2595 175 2628 1.
191 2596 227 2630 in
242 2596 363 2632 Iulian.
379 2609 412 2644 p.
432 2599 482 2634 15.
507 2599 698 2635 Chalcidius
713 2614 746 2648 p.
761 2603 808 2637 12.

76 2638 201 2686 aliique
238 2653 321 2677 uam
335 2643 484 2689 plurimi.
535 2646 609 2689 (F.)

119 2684 143 2720 l.
154 2686 199 2720 ab
238 2689 377 2734 egyptio
386 2690 516 2725 audivit
528 2692 717 2736 sacerdote]
729 2693 807 2728 Pro-

76 2728 147 2764 elus
162 2731 198 2766 in
212 2732 391 2769 Timaeum
406 2747 440 2781 p.
457 2736 510 2770 31.
528 2738 536 2781 (
543 2748 586 2771 ex
602 2738 807 2774 Manethone

64 2778 114 2809 rut
127 2777 295 2823 suspicor)
318 2780 468 2816 referens
491 2783 629 2817 nomina
653 2785 806 2820 sacerdo-

75 2821 148 2856 tum
165 2822 432 2870 Aegyptiorum,
454 2839 532 2862 cum
555 2829 678 2874 quibus
701 2830 806 2865 Solon

63 2862 112 2900 fn
135 2868 238 2902 variis
264 2870 414 2917 Aegypti
443 2874 625 2918 provinciis
654 2881 805 2910 versatus

73 2909 149 2954 tuit,
163 2914 298 2949 coniicit
307 2914 400 2951 hunc
434 2919 469 2952 m'
481 2919 584 2953 verba
595 2920 661 2953 ista
673 2921 715 2954 ad
728 2932 806 2956 eum

74 2953 171 3000 dixit,
188 2959 296 2995 fuisse
311 2972 405 2997 sacer
431 2968 522 2999 otem
542 2965 722 3007 Saiticam,
746 2978 804 3001 no-

73 3001 165 3036 mine
178 3003 352 3041 Pateneft:
385 3006 554 3055 ,,Ἔνε’τυγε
578 3010 611 3044 δὲ
635 3011 748 3044 Σόλων
773 3011 804 3046 ἐν

75 3042 149 3080 Σᾶει
187 3048 243 3094 μὲν
276 3050 352 3097 ἱερεῖ
379 3051 613 3101 ὄνομαζοῂένῳ
642 3056 803 3103 Πατένεΐτ,

885 2011 1037 2059 Ἐθιμὼν,
1051 2014 1094 2055 ὡς
1110 2016 1139 2050 αἱ
1152 2021 1215 2052 τῶν
1229 2016 1410 2066 Ᾱῖγυπτίων
1423 2025 1557 2060 ἱστοείαι
1569 2028 1622 2061 λε’-

885 2070 1004 2103 γουσεν.
1031 2061 1089 2095 Καὶ
1104 2062 1182 2103 ἴπως
1201 2062 1294 2106 οὗτός
1312 2067 1394 2102 ἐστιν
1413 2069 1429 2103 ὃ
1447 2062 1563 2115 Exi-:ng
1580 2073 1621 2107 ἱε-

885 2105 953 2148 ρεὺς
979 2104 995 2138 ὁ
1021 2107 1099 2152 πρὸς
1125 2109 1222 2143 αὐτὸν
1250 2111 1289 2145 τὰ
1317 2113 1458 2160 ἑπόμενοι
1481 2117 1619 2163 λέγων,“’

882 2150 1021 2196 (Fahr.)

927 2207 972 2231 m.
1001 2202 1301 2248 temporalitatem]
1328 2205 1537 2245 Brevitatcm
1559 2223 1620 2258 per

886 2243 975 2286 quod
992 2243 1155 2281 duravere
1172 2252 1344 2295 temporis.
1394 2255 1468 2298 (F.)

928 2287 1008 2334 Cap.
1026 2289 1165 2326 CXXII.
1178 2315 1221 2320 —
1238 2307 1267 2330 a.
1284 2299 1349 2331 sub
1361 2298 1568 2338 Deucalione
1585 2308 1619 2338 et

881 2332 1022 2378 Pyrrha]
1062 2337 1128 2371 Res
1157 2339 1336 2376 decantata
1369 2346 1550 2390 poetarum
1584 2355 1617 2384 et

881 2380 1025 2415 aliorum
1053 2384 1255 2429 scriptorum
1289 2394 1539 2436 monumentis,
1575 2395 1616 2430 de

881 2435 948 2469 qua
971 2427 1049 2461 nolo
1073 2430 1214 2465 verbum
1237 2433 1359 2469 addere
1376 2444 1453 2481 post
1469 2450 1508 2472 ea
1550 2451 1615 2475 uae

879 2471 942 2504 viri
964 2472 1052 2506 docti
1073 2475 1115 2507 ad
1134 2476 1289 2512 Ovidium
1306 2480 1331 2513 Ι.
1348 2482 1539 2530 Metamorp
1566 2498 1614 2519 os.

878 2515 1078 2553 Franciscus
1087 2520 1266 2557 Bianchini
1279 2526 1485 2562 Veronensis
1495 2531 1528 2563 in
1539 2542 1612 2565 cru-

878 2561 1043 2609 ‹litissimo
1057 2577 1157 2610 opere
1171 2570 1260 2612 quod
1274 2570 1389 2615 Italice
1403 2575 1506 2608 edidit
1515 2576 1611 2610 Rom.

881 2606 1013 2642 lemni.
1025 2609 1064 2643 de
1078 2612 1226 2647 Historia
1240 2616 1401 2652 Veterum
1408 2620 1610 2656 Monumen-

875 2652 918 2685 tis
935 2653 1081 2689 Probata
1098 2668 1124 2690 c.
1147 2659 1195 2692 17.
1212 2671 1243 2704 p.
1266 2662 1337 2695 187.
1354 2675 1424 2709 seq.
1450 2666 1609 2701 Octavius

875 2696 1091 2735 Falconerius
1113 2702 1153 2737 de
1176 2704 1287 2739 Numo
1310 2709 1534 2753 Apameensi,
1556 2718 1607 2757 ty-

873 2753 955 2787 pum
965 2745 1083 2780 diluvii
1092 2747 1311 2786 Deucalionei
1320 2754 1500 2791 exhibente
1510 2758 1607 2791 Rom.

878 2788 972 2822 1667.
996 2796 1028 2824 et
1043 2792 1150 2828 Tomo
1167 2795 1212 2830 X.
1229 2796 1396 2834 Thesauri
1415 2802 1607 2847 Antiquita-

874 2837 946 2868 tum
956 2835 1112 2871 Graecar.
1122 2839 1339 2886 Gronoviani,
1349 2845 1516 2889 Georgius
1526 2849 1605 2883 item

873 2878 1083 2916 Schubartus
1114 2885 1149 2919 in
1172 2885 1394 2925 Enarratione
1424 2892 1606 2937 Parergica

872 2925 1186 2972 Metamorphoseos
1211 2933 1394 2970 Ovidianae
1412 2937 1451 2970 dc
1469 2938 1604 2973 Diluvio

871 2968 1105 3015 Deucalionis,
1128 2975 1164 3010 in
1184 2979 1304 3014 eodem
1325 2986 1418 3016 tomo
1434 2983 1479 3016 X.
1504 2983 1604 3018 obvia

872 3020 905 3048 et
928 3016 1026 3051 lenae
1050 3019 1143 3055 1684.
1165 3021 1198 3056 4.
1226 3028 1411 3070 separatim
1433 3029 1469 3063 in
1491 3028 1604 3066 lucem

872 3060 959 3096 data.
1006 3063 1080 3106 (F.)

1314 3130 1334 3162 9

1653 1518 1719 1552 Cap.
1739 1521 1847 1548 cxxii.

1652 1565 1731 1600 (Cap.
1750 1567 1857 1600 cxix.)
