2052 3374
764 192 878 218 LIBER
896 191 1040 218 PRIMUS.
1588 191 1668 232 237

128 301 243 354 ptem
263 296 469 349 ecclesiis,
497 298 541 337 in
562 301 722 362 septem
743 296 894 350 oculis,
923 300 963 337 et
988 297 1033 338 in
1063 300 1224 351 septem
1245 294 1504 337 candelabris
1535 296 1669 336 aureis

131 365 374 408 conlocatas.

203 434 493 476 Sextadecima
508 434 692 475 haeresis
707 434 1094 476 Heracleonitarum
1111 434 1161 475 ab
1174 432 1428 474 Heracleone
1445 433 1671 475 adinventa

129 507 207 557 est,
229 516 331 558 quae
353 502 608 559 baptizatum
628 503 861 554 hominem,
883 504 968 543 sive
989 504 1144 543 iustum
1166 504 1252 543 sive
1272 506 1552 557 peccatorem,
1579 501 1668 542 loco

129 573 262 613 sancti
283 573 511 627 computari
534 571 728 625 docebat,
755 571 940 625 nihilque
969 570 1115 612 obesse
1138 571 1356 626 baptizatis
1383 575 1555 625 peccata
1580 584 1668 612 me·

128 640 337 694 morabat,
357 639 521 693 dicens,
553 642 661 682 sicut
687 654 771 681 non
791 641 833 679 in
856 653 900 680 se
921 641 1067 694 recipit
1087 644 1234 680 natura
1253 641 1360 693 ignis
1382 639 1496 693 gelu,
1517 641 1575 680 ita
1595 639 1668 680 ba-

127 711 306 764 ptizatus
326 722 410 750 non
430 711 475 750 in
497 723 539 750 se
558 710 703 763 recipit
717 712 946 763 peccatum.
978 707 1095 749 Sicut
1115 710 1226 749 enim
1242 710 1349 761 ignis
1365 708 1535 749 resolvit
1549 721 1669 762 aspe-

129 782 198 819 ctu
218 792 291 820 suo
319 779 438 819 nives
465 781 822 832 quantaecumque
842 777 958 817 iuxta
979 778 1076 829 sint,
1107 778 1165 818 sic
1187 776 1314 817 semel
1337 777 1566 832 baptizatus
1587 791 1671 818 non

128 847 276 901 recipit
293 851 560 902 peccatorum
578 850 762 899 reatum,
791 846 915 886 etiam
945 845 1162 899 quantavis
1189 845 1343 886 suerint
1370 845 1560 900 operibus
1583 847 1670 886 eius

127 919 300 970 peccata
318 915 534 970 permixta.
574 915 653 956 Hic
673 916 717 956 in
738 913 925 969 partibus
947 913 1111 954 Siciliae
1132 913 1341 954 inchoavit
1363 913 1521 955 docere.
1563 914 1669 955 Con-

126 987 192 1024 tra
210 983 322 1025 hunc
343 987 616 1040 susceperunt
637 984 819 1038 episcopi
836 981 1079 1035 Siculorum,
1100 982 1366 1024 1Eustachius
1383 982 1670 1036 Lilybaeorum

128 1056 170 1093 et
187 1052 511 1094 Panormeorum
527 1051 782 1105 Theodorus,
803 1053 953 1106 quique
971 1052 1154 1092 omnium
1176 1053 1245 1105 qui
1265 1065 1340 1106 per
1355 1050 1539 1093 Siciliam
1555 1055 1673 1092 eraut

129 1122 415 1177 episcoporum
441 1121 646 1176 synodum
673 1126 889 1163 exorantes
919 1119 1067 1173 2gestis
1097 1134 1191 1161 eum
1218 1120 1359 1161 audire
1388 1120 1671 1171 decreverunt,

129 1193 170 1230 et
194 1191 409 1231 universas
436 1189 692 1231 adsertiones
721 1191 808 1230 eius
837 1189 1059 1242 dirigentes
1090 1188 1141 1229 ad
1175 1193 1365 1230 sanctum
1389 1189 1669 1230 Alexandrum

127 1258 241 1300 urbis
263 1260 505 1314 episcopum
524 1262 774 1312 rogaverunt
799 1262 845 1299 ut
865 1258 917 1299 ad
938 1271 1032 1298 eum
1060 1257 1356 1299 confutandum
1377 1257 1533 1312 aliquid
1561 1257 1670 1299 ordi-

127 1331 258 1368 naret.
308 1327 425 1370 Tunc
454 1333 622 1369 sanctus
647 1326 884 1369 Alexander
910 1326 962 1367 ad
991 1326 1152 1379 singula
1178 1340 1362 1381 quaeque
1392 1328 1527 1382 capita
1551 1326 1673 1381 hydri

129 1396 311 1451 singulos
338 1395 496 1450 gladios
524 1396 591 1438 dei
617 1397 733 1438 verbi
764 1395 814 1437 de
841 1396 992 1449 vagina
1018 1395 1180 1436 divinae
1208 1394 1310 1449 legis
1332 1396 1502 1449 eiciens,
1521 1394 1672 1437 librum

128 1469 273 1507 contra
298 1464 599 1507 Heracleonem
629 1465 846 1517 ordinans,
882 1464 1234 1505 ferventissimum
1261 1465 1452 1517 3ingenio
1481 1464 1670 1506 Sabinia-

127 1547 228 1575 num
247 1533 537 1590 presbyterum
559 1533 796 1585 destinavit,
818 1533 888 1587 qui
909 1536 950 1573 et
971 1533 1134 1587 scriptis
1154 1532 1362 1588 4episcopi
1383 1537 1424 1574 et
1439 1533 1671 1575 adsertione

129 1617 204 1645 sua
222 1604 282 1644 ita
301 1616 398 1645 eum
417 1603 668 1656 confutaret,
696 1606 742 1644 ut
762 1605 882 1643 nocte
903 1601 1040 1642 media
1061 1602 1176 1642 navis
1198 1601 1404 1656 praesidio
1424 1602 1603 1657 fugeret,
1633 1607 1674 1643 et

128 1672 237 1714 ultra
255 1672 428 1714 ubinam
449 1672 686 1713 devenisset
705 1672 871 1726 penit-us
891 1670 1029 1712 nullus
1051 1671 1188 1712 sciret.

213 1741 562 1798 Septimadecima
591 1740 775 1781 haeresis
812 1739 1067 1794 Ophitarum.
1122 1739 1176 1781 Hi
1210 1754 1234 1780 a
1269 1739 1435 1782 colubro
1471 1741 1672 1781 nominati

131 1815 242 1852 sunt.
294 1810 473 1853 Coluber
494 1810 606 1851 enim
629 1809 782 1851 Graece
805 1807 922 1863 ophis
946 1808 1106 1850 dicitur.
1155 1807 1321 1849 Habent
1343 1823 1435 1863 ergo
1459 1808 1672 1851 colubrum

130 1879 348 1922 adsuetum
370 1893 511 1921 eorum
531 1892 660 1934 panes
681 1877 821 1931 lingua
841 1876 1044 1929 lambere,
1073 1881 1193 1931 atque
1221 1878 1281 1918 ita
1308 1891 1358 1919 ex
1388 1891 1430 1919 se
1460 1878 1574 1919 velut
1599 1892 1671 1920 eu—

130 1948 368 1990 charistiam
389 1948 660 1990 sanctificare.
694 1947 824 1996 Quem
845 1945 1059 1988 colubrum
1080 1960 1200 1987 sumn
1221 1946 1431 1988 Christum
1450 1947 1672 2002 appellant.

131 2017 283 2059 Contra
301 2017 378 2059 hos
399 2020 673 2071 susceperunt
691 2015 910 2069 Bithyniae
931 2016 1165 2070 provinciae
1187 2015 1436 2068 sacerdotes,
1465 2016 1508 2057 id
1529 2020 1594 2057 est
1614 2018 1672 2058 ci-

129 2087 269 2127 vitatis
291 2085 590 2127 Calchedoniae
623 2088 663 2124 et
683 2083 947 2125 Nicomediae
980 2085 1164 2139 episcopi
1201 2083 1442 2126 Theocritus
1470 2089 1512 2125 et
1535 2085 1672 2126 Evan-

131 2153 218 2207 der,
239 2158 280 2195 et
301 2154 562 2196 confutantes
585 2166 654 2194 eos
676 2152 839 2207 publice
861 2157 1122 2207 superarunt,
1142 2156 1264 2207 atque
1295 2158 1591 2208 superventum
1610 2154 1672 2194 sa-

132 2224 288 2264 cientes
310 2224 369 2263 eis
390 2236 464 2278 per
485 2221 655 2274 collegia
683 2234 824 2262 eorum
857 2222 900 2261 in
927 2220 1166 2275 Bithyniae,
1193 2227 1238 2262 ut
1259 2221 1362 2275 dixi,
1387 2222 1574 2277 partibus
1601 2236 1674 2277 per

130 2293 414 2347 possessiones
444 2290 629 2332 clanculo
661 2289 733 2331 ubi
762 2289 862 2331 hacc
900 2291 991 2345 ipsa
1019 2290 1334 2345 perpetrabant,
1369 2295 1409 2332 et
1439 2291 1673 2332 sacerdotes

132 2373 275 2402 eorum
309 2359 596 2411 eliminarunt,
632 2362 673 2399 et
699 2362 911 2413 serpentes
940 2372 1081 2400 eorum
1107 2359 1364 2411 occiderunt,
1399 2373 1446 2401 ac
1472 2361 1674 2403 rationem

132 2428 351 2471 reddentes
371 2429 484 2470 omni
503 2426 654 2482 populo
675 2427 897 2468 maximam
917 2431 1076 2482 partem
1097 2427 1228 2482 plebis
1249 2427 1300 2468 ab
1320 2427 1399 2469 hoc
1419 2427 1600 2483 periculo
1621 2427 1672 2469 li-

130 2496 339 2540 berarunt.

217 2565 536 2609 Octavadecima
555 2564 738 2606 haeresis
759 2563 982 2606 ¹Cainiani.
1022 2565 1245 2620 Propterea
1264 2565 1324 2606 sic
1344 2564 1542 2619 appellati
1562 2569 1674 2618 sunt,

201 2689 283 2736 Cap.
299 2689 391 2725 XVI.
410 2709 452 2714 —
472 2690 499 2724 l.
517 2689 698 2723 Eustasius
715 2688 786 2723 MS.
804 2689 892 2732 Any.
910 2687 1115 2723 Eustachius
1135 2689 1235 2722 habet
1255 2691 1355 2722 etiam
1373 2690 1444 2722 cod.
1457 2701 1513 2721 ms.
1526 2688 1671 2722 Dunens.

135 2734 166 2769 2.
183 2735 435 2770 Emendandum
450 2741 550 2780 puto.-
568 2734 782 2775 Theodorus,
800 2733 901 2779 hique
919 2735 1072 2768 omnium
1087 2754 1098 2759 -
1112 2754 1125 2759 -
1142 2738 1322 2767 exorantes
1340 2738 1443 2767 testes
1461 2745 1540 2767 eum
1557 2734 1672 2767 audire

135 2781 365 2823 decreverunt,
383 2787 456 2815 cett.
475 2781 554 2815 Cod.
573 2792 628 2813 τηε.
647 2780 814 2813 Βιιηειωί3
829 2783 1004 2825 conspirat
1018 2792 1089 2813 cnm
1107 2782 1216 2814 editis.
1269 2779 1300 2813 3.
1316 2780 1352 2813 iu
1369 2780 1507 2823 ingenio
1524 2779 1671 2813 Sirmon-

137 2828 198 2860 (lus
213 2829 377 2862 ediderat.
485 2827 516 2859 4.
534 2826 773 2871 episcoporum
790 2825 860 2859 MS.
878 2827 967 2870 Any.
994 2846 1038 2850 —-
1067 2825 1194 2867 ›Sthzodi
1215 2826 1311 2858 liuius
1325 2825 1462 2858 Siculae
1479 2828 1623 2857 meminit
1638 2829 1671 2858 1'11

136 2883 198 2906 sua
210 2872 310 2906 Nova
321 2872 519 2906 Collectione
529 2872 751 2905 Corn-iliorum
760 2871 921 2904 Baluzius
931 2873 978 2905 ad
992 2883 1114 2903 annum
1124 2870 1223 2904 CXX
1232 2871 1269 2906 V.
1279 2875 1368 2912 (tom.
1379 2871 1410 2904 I.
1421 2870 1586 2915 Cone-1141.
1596 2870 1671 2905 555.

138 2919 188 2952 ed.
212 2917 422 2960 Ven-Labb.)
444 2920 680 2952 auctoritatem
701 2918 878 2961 scriptoris
894 2919 1001 2950 nostri
1017 2922 1157 2951 secutus.
1202 2916 1278 2956 Qua
1295 2918 1336 2950 de
1351 2928 1388 2949 re
1404 2916 1584 2950 Pearsonii
1599 2929 1672 2949 cen-

138 2974 219 2996 eura
236 2965 434 2997 excutienda
450 2966 487 2996 in
503 2966 573 2996 eius
592 2962 676 3006 Opp.
695 2961 808 2997 Posth.
821 2975 858 3007 p.
876 2961 950 2996 231.
976 2961 1091 3006 (Gall.)

140 3052 167 3087 c
191 3008 288 3061 pap.
303 3009 427 3044 xvnl.
450 3029 492 3035 ——
525 3009 552 3042 1.
571 3007 689 3042 Caiani
712 3007 808 3040 MSS.
832 3008 923 3043 Rem.
943 3015 974 3041 et
989 3009 1077 3051 Auq.
1102 3009 1151 3041 At
1173 3010 1245 3042 cod.
1262 3019 1320 3041 ms.
1345 3007 1514 3041 Dunense
1531 3008 1674 3053 praebet

167 3063 247 3090 aml-

1699 439 1763 471 Cap.
1783 439 1854 464 XVI.

1696 1752 1763 1787 Cap.
1782 1753 1870 1779 xvn.

1698 2576 1764 2607 Cap.
1784 2575 1886 2601 XVIII.
