2052 3342
1017 204 1213 229 PHILASTRI

343 207 421 248 110

342 312 382 350 in
406 311 535 364 primo
559 308 643 348 die:
665 307 723 348 Et
738 308 910 362 spiritus
927 307 994 348 clei
1007 306 1347 363 superferehatur
1362 321 1488 362 super
1503 321 1670 363 aquam.
1700 305 1752 348 Et
1770 305 1878 349 Pha-

342 378 430 418 rao'¹
452 391 521 418 rex
544 377 719 430 Aegypti
752 375 871 416 dicit:
904 373 1007 426 Quis
1037 375 1136 416 haee
1156 373 1518 430 intmpretabitur,
1545 376 1723 430 ³inquit‚
1748 374 1880 428 nobis,

341 448 424 487 mxi
443 447 518 500 qui
537 446 604 485 slei
623 444 812 485 habuerit
832 444 1052 499 spiritum?
1072 443 1121 485 Et
1144 442 1324 484 Davidk:
1357 442 1487 484 Verbo
1509 444 1667 485 domim·
1685 443 1791 485 caeli
1798 443 1879 497 fir-

339 516 444 554 mati
461 521 568 565 sunt,
591 520 626 553 et
647 514 798 568 spiritu.
821 514 903 553 oris
925 514 1011 553 eins
1034 513 1162 553 omnis
1182 514 1314 553 virtus
1336 525 1487 552 eorum.
1519 512 1668 554 Postea
1687 525 1783 553 vero
1806 525 1878 553 vo-

344 583 476 622 luntas
499 581 710 622 hominum
732 594 872 635 prava,
896 580 1091 622 recedens
1111 595 1135 620 a
1155 584 1269 621 tanta
1290 581 1464 621 scientia
1479 581 1658 635 pietatis,
1680 579 1882 621 idolorum

343 649 566 690 mendaciis
584 664 629 690 ac
648 649 900 690 vanitatibus
919 649 1100 690 studiose
1119 663 1210 690 cum
1226 649 1482 703 ⁴properaret
1497 650 1709 702 inservire,
1725 649 1880 703 turpis-

343 721 550 771 simaeque
573 720 679 758 vitae
703 732 745 758 se
764 717 859 758 darc
881 718 1109 765 maluisset.
1132 717 1280 758 iudicio
1303 717 1602 758 'damnationis
1620 717 1799 759 obnoxia
1818 719 1880 756 te-

344 787 532 839 nebatur,
558 789 612 827 ita
632 791 677 827 ut
699 791 792 827 ante
816 786 1039 841 prophetae
1063 786 1264 827 dicerent:
1295 784 1549 838 Sacrificans
1572 784 1668 826 diis¹
1690 786 1881 827 eradica-

343 855 466 908 bitur.
512 855 561 895 Et
585 857 750 895 iterum:
782 855 860 895 Dii·
887 856 961 909 qni
981 855 1138 895 caelum
1158 869 1240 895 mm
1260 854 1511 908 feceruntffl,
1539 852 1879 895 eradicabuntur.

341 923 388 964 Et
414 924 502 964 ideo
525 923 741 963 “dominus
769 923 874 963 ἶ11011
904 937 1019 963 suam
1051 937 1197 964 novam
1220 923 1521 977 praesentiamn
1553 921 1798 963 ostendebat
1819 921 1881 962 di-

344 1006 460 1032 cens:
488 990 571 1042 Qui
590 991 862 1047 8[οτμιθὺαΐιιν
884 993 925 1032 in
944 991 1170 1046 prophetis,
1192 1006 1280 1032 eece
1301 992 1485 1031 adsum‘h
1526 990 1667 1044 Neque
1689 1003 1783 1044 ergo
1806 1003 1881 1030 an-

343 1061 454 1113 gelos
477 1060 635 1101 adorari
659 1062 870 1114 praecepit
897 1060 1049 1101 alicubi
1078 1059 1286 1110 dominus⁷
1313 1072 1444 1113 neque
1473 1058 1618 1099 mundi
1639 1058 1884 1111 elemental’⁷

344 1144 417 1169 nec
441 1135 669 1169 creaturam
690 1128 883 1182 aliquam,
905 1142 1036 1182 neque
1060 1128 1186 1180 idola,
1217 1141 1317 1181 quae
1339 1126 1555 1168 hominum
1574 1126 1765 1168 voluntas
1786 1140 1881 1182 pes-

344 1200 449 1238 sima
471 1199 531 1238 sui
561 1197 725 1238 sceleris
753 1201 794 1236 et
821 1197 1089 1251 turpitudinis
1118 1195 1415 1251 perpetrandae
1444 1209 1568 1237 causa
1593 1194 1740 1236 maluit
1765 1196 1882 1237 inve·-

346 1269 452 1319 nire,
482 1271 525 1306 ut
554 1265 736 1307 colentes
759 1264 831 1305 ⁹ea
852 1266 1023 1306 effusam
1052 1264 1247 1319 operandi
1270 1264 1366 1305 mali
1388 1265 1549 1319 possint
1573 1263 1724 1305 habere
1752 1263 1882 1305 licen·-

344 1337 454 1375 tiam.
493 1335 526 1375 N
533 1348 599 1375 am
620 1339 661 1375 et
681 1336 817 1389 ipsum
838 1348 989 1375 nomen
1012 1333 1129 1386 idoli,
1151 1334 1308 1388 species
1331 1332 1413 1373 doli
1435 1336 1476 1373 et
1496 1333 1650 1374 formae
1672 1333 1881 1387 praevari-

344 1406 448 1445 catio
459 1412 489 1456 η,
512 1403 560 1443 de
585 1404 922 1457 interpretatione
947 1403 1101 1443 Graeca
1121 1406 1184 1442 est
1204 1404 1498 1456 nuncupatum.
1540 1400 1722 1442 Trinitas
1744 1401 1882 1455 itaque

344 1472 666 1513 Christianitatis
688 1471 738 1512 ab
761 1473 915 1523 origine
938 1470 1082 1511 mundi
1103 1470 1438 1525 praedicabatur,
1466 1473 1508 1510 et
1534 1471 1687 1511 veritas
1714 1470 1883 1524 pietatis

344 1543 430 1581 sine
454 1541 763 1581 intermissione
785 1539 937 1593 ubique
960 1539 1194 1581 docebatur.
1231 1539 1336 1580 Nam
1357 1542 1397 1579 et
1416 1537 1572 1579 Davidr
1595 1538 1732 1580 docet:
1760 1537 1884 1579 Dixit

346 1610 533 1650 dominvs
556 1610 719 1650 (ἶοηιίηο
739 1622 847 1657 meo;
879 1612 959 1649 ets:
994 1608 1179 1663 Spiritus
1201 1608 1336 1649 ¹⁰tuue
1359 1607 1487 1649 bonus
1509 1607 1682 1648 deducet
1710 1606 1812 1647 ¹¹me
1840 1607 1886 1647 in

343 1680 454 1719 viam
474 1685 649 1726 recinam
671 1681 713 1717 et
728 1678 914 1717 iterum‘:
938 1675 1125 1731 Spiritus
1148 1675 1178 1700 ¹2
1188 1677 1346 1717 domini
1359 1676 1581 1731 ¹³implevz‘t
1596 1674 1734 1717 orbem
1748 1682 1882 1716 terra-

344 1763 456 1798 r2c‹m.,·
479 1751 563 1787 etu:
596 1744 872 1802 chos'uyz'cciiz
898 1761 924 1785 α
944 1746 1097 1800 spiritu
1123 1752 1210 1798 tuo,
1242 1751 1280 1786 et
1304 1760 1330 1785 α
1344 1744 1466 1799 facie
1491 1751 1566 1786 tua
1592 1758 1674 1799 quo
1700 1743 1882 1785 vadam?

433 1826 464 1860 3.
484 1825 594 1870 inquit
612 1838 672 1859 om.
691 1825 736 1858 A.
785 1824 815 1857 4.
833 1827 993 1868 properat
1009 1824 1089 1856 libri?
1105 1835 1222 1857 omnes,
1268 1822 1300 1858 5.
1319 1821 1546 1856 damnationis
1561 1821 1714 1856 obn'oxia
1726 1822 1771 1856 A.
1792 1821 1885 1855 dam-

344 1872 475 1905 nationi
492 1871 642 1904 obnoxio
661 1871 790 1913 reliqui.
839 1870 870 1903 6.
889 1873 922 1902 et
935 1869 1093 1903 dominus
1107 1870 1152 1904 A.
1201 1869 1232 1903 7.
1247 1880 1316 1903 non
1329 1881 1388 1903 om.
1404 1869 1433 1903 b.
1481 1867 1512 1902 8.
1527 1868 1692 1913 loquebar
1703 1868 1749 1902 A.
1798 1867 1830 1902 9.
1846 1877 1887 1900 ea.

346 1919 409 1996 Alc,
424 1927 506 1995 {ablu
523 1917 652 1960 reliqui.
705 1916 754 1948 10.
772 1918 851 1948 tuus
869 1928 929 1950 om.
948 1916 993 1950 A.
1046 1915 1097 1950 11.
1115 1926 1170 1949 me
1188 1928 1248 1950 0711.
1266 1915 1311 1949 A.
1759 1912 1811 1948 13.
1834 1923 1886 1948 re-

343 1974 364 2008 p
380 1974 432 1997 ev1
486 1991 492 1997 .

1362 1914 1413 1949 12.
1432 1913 1589 1948 dominus
1608 1913 1652 1958 (A
1664 1914 1708 1958 Jb.

389 2044 410 2076 i.
435 2042 582 2085 Pharao]
621 2040 743 2075 Genes.
760 2040 849 2074 XLI.
866 2040 920 2074 38.
941 2040 1013 2083 „Miri
1035 2039 1084 2073 εὑ-

346 2089 484 2133 ρήσομεν
499 2086 667 2132 ἄνθρωπον
677 2089 821 2118 τοιοῦτον
834 2085 869 2124 ’ὃς
883 2084 948 2131 ἔχει
961 2089 1085 2131 πνεῦμα

345 2134 418 2167 θεοῦ
435 2132 465 2166 ἐν
484 2132 607 2177 αὐτ(ἶ).”
653 2132 727 2173 (F.)

389 2179 422 2213 k.
447 2179 490 2212 Et
506 2178 628 2220 David]
658 2178 748 2211 Psal.
771 2176 936 2211 XXXIII.
955 2177 985 2210 6.
1006 2177 1083 2222 ,Τῷ

345 2225 439 2270 λόγῳ
452 2227 509 2256 τοῦ
523 2223 631 2268 κυρίου
652 2222 680 2255 οἱ
694 2222 823 2267 οὐρανοὶ
836 2221 1083 2267 ἐστερεώθησαν,

346 2270 398 2303 καὶ
429 2272 477 2314 τῷ
519 2269 673 2313 πνεύματι
707 2271 764 2300 τοῦ
793 2269 954 2312 στόματος
984 2268 1083 2300 αὐτοῦ

346 2315 466 2357 πᾶσαῆ
484 2315 615 2359 δύναμις
629 2313 768 2346 αὐτῶν.”
785 2313 869 2347 Vide
880 2324 983 2358 supra
992 2324 1020 2346 c.
1030 2313 1083 2346 67.

363 2361 486 2402 Fabr.)

346 2365 362 2403 (
390 2407 411 2440 1.
437 2405 639 2440 Sacrificans
656 2405 735 2447 diis]
768 2404 877 2438 Exod.
901 2404 1013 2438 XXII.
1031 2404 1083 2438 20.

349 2452 409 2494 „‘O
427 2450 583 2490 θυσιάζων
603 2451 694 2494 θεοῖς,
712 2449 795 2492 πλὴν
820 2449 931 2494 κυρίῳ,
956 2447 1083 2494 θανάτῳ

347 2496 678 2541 ἐξολοθρευθήσεται,”
725 2495 800 2537 (F.)

379 2555 424 2576 m.
441 2542 497 2576 Dii
511 2542 568 2587 qui
581 2542 714 2575 caelum
725 2552 796 2574 11011
807 2540 972 2583 fecerunt]
996 2539 1085 2573 Psal.

346 2588 465 2623 XCVI.
475 2587 505 2621 5.
526 2585 623 2629 „‘'O·ci
639 2585 765 2624 πάντως
783 2584 811 2618 οἱ
829 2585 892 2618 θεοὶ
909 2587 972 2618 τῶν
987 2583 1084 2617 ἐθνῶν

349 2635 508 2679 δαιμόνια,
527 2631 543 2664 ὁ
562 2632 596 2665 δὲ
613 2632 718 2677 κύριος
732 2630 806 2670 τοὺς
824 2630 979 2676 οὐρανοὺς
1000 2629 1085 2663 ἐποί-

346 2679 452 2723 ησεν.”
498 2678 574 2721 (F.)

404 2737 437 2759 11.
471 2736 542 2758 11011
565 2733 665 2757 suam
690 2733 816 2756 novam
842 2720 1084 2767 praesentiam]

349 2771 415 2812 Qui
429 2782 501 2804 non
516 2780 607 2803 nunc
622 2768 771 2814 primum
786 2768 928 2809 veniret,
945 2767 1003 2800 sed
1019 2767 1086 2811 pri-

348 2817 426 2850 dem
447 2817 518 2850 iam
541 2815 707 2848 adfuisset
732 2824 894 2859 praesens
925 2812 1087 2846 eeclesiae

349 2873 441 2896 suae.
488 2861 563 2903 (F.)

395 2920 425 2941 o.
444 2907 509 2948 Qui
524 2906 728 2951 loquebatur
742 2905 779 2938 111
802 2915 862 2949 pro
889 2903 987 2944 hetis,
1009 2914 1086 2937 eece

349 2953 483 2998 adsum]
514 2952 601 2986 Puto
624 2951 747 2996 respici
770 2950 811 2983 ad
835 2950 870 2983 10
898 2976 905 2982 .
927 2949 1015 2983 VIII.
1032 2948 1086 2982 56.

349 2997 414 3040 58„
425 2999 505 3032 lieet
515 2998 620 3031 verba
627 2997 800 3030 incassum
812 2995 860 3029 ibi
869 2995 1088 3039 quaesiveris.

351 3043 438 3085 [Imo
455 3043 510 3078 Es.
528 3043 608 3085 LH.‚
627 3042 657 3076 6.
674 3041 764 3076 infra
781 3051 854 3086 cap.
874 3039 964 3083 133]
1010 3040 1085 3081 (F.)

1198 2051 1230 2086 p.
1260 2039 1379 2073 mundi
1400 2039 1581 2082 elementa]
1619 2038 1746 2080 Solem,
1768 2038 1887 2072 lunam

1153 2090 1187 2120 et
1208 2087 1342 2127 stellas,
1365 2088 1404 2119 ut
1427 2095 1529 2130 supra
1550 2095 1623 2129 cap.
1641 2084 1693 2118 61.
1713 2094 1793 2130 pag.
1813 2083 1886 2117 122.

1152 2131 1425 2177 Theophylactus
1452 2131 1488 2164 in
1511 2129 1640 2165 Goloss.
1664 2129 1705 2163 Π.
1722 2129 1753 2163 8.
1774 2129 1887 2172 »Στοι-

1152 2179 1226 2222 χεῖα
1253 2178 1377 2222 κόσμου
1405 2175 1494 2218 ἥλιον
1527 2174 1578 2208 καὶ
1606 2174 1740 2218 σελήνην
1771 2173 1888 2220 λέγει.”

1152 2223 1292 2265 (Fabr.)

1197 2291 1228 2324 q.
1260 2280 1374 2324 ipsum
1400 2289 1527 2312 nomen
1552 2277 1635 2312 idoli
1662 2277 1792 2323 species
1820 2277 1890 2311 doli

1153 2329 1185 2372 et
1196 2326 1325 2358 formae
1338 2323 1598 2370 praevaricatio]
1611 2323 1737 2357 Forma
1750 2323 1889 2358 Graecis

1152 2371 1245 2414 εἲδος,
1258 2370 1502 2415 praevaricatio
1517 2372 1551 2402 et
1562 2368 1660 2402 dolus
1675 2368 1782 2410 δόλος,
1799 2368 1890 2402 unde

1151 2416 1232 2449 idoli
1245 2427 1370 2449 nomen
1383 2415 1482 2460 quasi
1493 2412 1594 2452 ε’ίόους
1603 2413 1700 2452 δόλος
1707 2413 1889 2448 Philastrio

1152 2462 1377 2506 componitur.
1425 2460 1499 2501 (F.)

1198 2541 1222 2563 r.
1240 2529 1363 2572 David]
1387 2528 1475 2562 Psal.
1489 2527 1561 2562 CX.
1578 2528 1606 2561 1.
1621 2522 1738 2569 „Ei'rtev
1753 2525 1769 2561 ὁ
1783 2527 1888 2573 κύριος

1153 2577 1200 2620 τῷ
1218 2575 1318 2620 κυρίῳ
1335 2574 1429 2620 μου.”
1476 2573 1552 2615 (F.)
1669 2625 1671 2628 .

1198 2655 1223 2677 5.
1250 2644 1297 2687 et]
1329 2642 1419 2677 Psal.
1436 2640 1584 2676 CXLIII.
1602 2641 1654 2675 10.
1680 2641 1747 2684 „Tb
1766 2639 1890 2687 πνεῦμά

1155 2701 1212 2720 σου
1229 2688 1265 2721 τὶ)
1284 2688 1405 2734 ἀγαθὸν
1423 2686 1574 2732 ὁδηγήσει
1594 2699 1631 2731 με
1650 2685 1681 2720 ἐν
1700 2689 1738 2733 τῇ
1755 2685 1889 2732 εὖθείᾳ.”

1154 2736 1170 2775 (
1171 2734 1205 2766 F
1203 2734 1292 2776 abr.)
1744 2739 1748 2743 '

1200 2794 1223 2824 t.
1242 2795 1276 2824 et
1290 2791 1429 2833 iterum]
1443 2789 1531 2823 Psal.
1543 2788 1688 2824 LXXX.
1697 2789 1728 2823 9.
1748 2787 1889 2832 »Ἐπλή-

1156 2836 1215 2878 σθη
1232 2835 1251 2878 ἥ
1269 2836 1343 2881 γῆ.”
1366 2836 1454 2869 Psal.
1472 2834 1554 2868 CIV.
1564 2833 1617 2868 24.
1634 2833 1851 2879 ,,Ἐπληρώθη
1868 2833 1888 2877 ἡ

1155 2883 1195 2926 γῆ
1214 2884 1268 2924 τῆς
1285 2880 1416 2920 κτίσεώς
1433 2879 1523 2913 σου.”
1569 2879 1645 2921 (F.)

1199 2961 1231 2983 11.
1257 2951 1303 2992 et]
1328 2949 1417 2983 Psal.
1441 2947 1635 2982 CXXXIX.
1659 2947 1690 2981 7.
1716 2947 1805 2990 »Ποῦ
1829 2959 1889 2981 πο-

1155 2995 1256 3039 ρευθῶ
1279 2994 1342 3027 ἀπὸ
1366 2997 1423 3027 τοῦ
1446 2993 1625 3038 πνεύματός
1653 3005 1729 3036 σου,
1753 2993 1806 3027 καὶ
1826 2991 1889 3026 ἀπὶ)

1154 3039 1331 3085 προσώπου
1349 3052 1407 3073 σου
1424 3041 1486 3072 ποῦ’
1504 3038 1628 3084 φύγω.”
1680 3038 1756 3080 (F.)
