2052 3374
651 202 702 228 DE
721 201 957 229 HAERESIBUS
976 201 1097 228 LIBER.
1570 202 1649 243 199

98 309 290 366 perhibet
309 307 574 350 Intellectum
595 312 637 348 et
657 307 904 359 Veritatem,
926 310 967 347 et
986 306 1208 362 protulisse
1230 308 1275 347 in
1295 305 1497 347 honorem
1516 306 1648 360 patris

99 379 263 420 Aeonas
285 381 389 419 oet-o.
438 376 499 417 De
521 376 740 417 Intellectu
761 380 899 416 autem
921 380 962 416 et
982 376 1164 416 Veritate
1186 375 1442 430 processisse
1463 373 1650 414 Verbum

100 451 141 487 et
159 446 312 498 Vitam,
334 449 375 486 et
394 445 615 501 protulisse
635 446 800 486 Aeonas
819 444 974 485 decem.
1006 444 1131 485 Porro
1155 444 1204 484 de
1221 443 1356 484 Verbo
1380 447 1421 483 et
1436 442 1532 483 Vita
1551 456 1646 497 pro-

99 515 273 556 cessisse
298 514 521 555 Hominem
549 518 591 554 et
617 513 868 564 Ecclesiam,
904 516 946 552 et
970 512 1192 566 protulisse
1221 512 1385 553 Aeonas
1416 511 1646 552 duodecim.

96 583 240 638 Itaque
270 586 361 624 octo
384 586 425 623 et
446 581 590 623 decem
611 586 652 623 et
673 581 891 622 duodecim
915 582 1003 620 fieri
1024 582 1195 633 triginta
1215 581 1401 632 Aeonas,
1430 578 1648 631 habentes,

97 655 143 693 ut
163 651 357 704 diximus,
378 652 559 706 primum
578 651 831 706 principium
853 648 902 689 de
924 649 1131 690 Profundo
1155 654 1195 689 et
1217 649 1404 690 Silentio.
1438 647 1649 689 Christum

98 724 237 762 autem
257 733 280 760 a
298 720 420 761 Patre
441 721 630 772 missum,
651 719 694 760 id
711 722 774 759 est
791 732 814 758 a
829 717 1054 770 Profundo,
1076 717 1259 771 spiritale
1277 717 1342 757 vel
1361 716 1537 757 caeleste
1556 730 1646 757 cor-

96 802 174 844 pus
197 802 338 830 secum
359 788 561 841 attulisse,
582 787 767 841 nihilque
785 787 1060 841 assumpsisse
1080 786 1128 826 de
1145 787 1303 838 w'rgine
1320 785 1463 837 Maria,
1486 783 1560 825 sed
1576 798 1649 839 per

97 857 212 899 illam
231 861 431 911 tanquam
458 870 531 911 per
558 858 693 897 rivum
713 859 784 896 aut
803 869 876 910 per
897 854 1079 895 fistulam
1101 855 1188 894 sine
1217 853 1300 894 ulla
1321 853 1370 894 de
1393 853 1464 893 illa
1484 866 1646 894 assum-

97 930 169 981 pta
185 938 307 966 carne
328 924 563 966 3transisse.
595 925 728 978 Negat
743 925 869 964 etiam
885 924 1230 964 resurrectionem
1248 923 1398 974 carnis,
1421 921 1554 963 solum
1574 935 1648 976 per

98 993 308 1036 Christum
329 996 521 1049 spiritum
543 997 584 1034 et
603 995 785 1034 animam
797 992 983 1033 -salutem
1005 993 1192 1046 accipere
1215 992 1440 1031 affirmans.

180 1061 459 1104 ¹Secundiani
485 1061 562 1103 hoe
584 1075 608 1103 a
628 1061 929 1103 Valentinianis
953 1061 1105 1102 distare
1129 1059 1335 1112 dicuntur,
1358 1058 1467 1113 quod
1488 1058 1648 1100 addunt
1674 1074 1738 1106 Cap.
1759 1075 1819 1099 xn.

97 1145 222 1187 opera
241 1130 525 1186 turpitudinis.
828 1136 831 1137 ’

180 1199 440 1241 Ptolemaeus
465 1213 625 1254 quoque
655 1197 882 1254 discipulus
904 1198 1115 1239 Valentini
1143 1197 1352 1239 haeresim
1372 1209 1524 1238 novam
1546 1209 1644 1238 con-
1673 1211 1737 1243 Cap.
1758 1211 1834 1236 xm.

97 1269 193 1310 dere
216 1269 387 1323 cupiens
409 1272 583 1322 quatuor
603 1268 767 1309 Aeonas
790 1272 831 1308 et-
851 1267 952 1308 alias
976 1272 1151 1321 quatuor
1172 1280 1357 1308 asserere
1378 1265 1537 1307 maluit.

179 1336 340 1378 Marcus
369 1338 495 1377 etiam
523 1338 661 1377 nescio
692 1338 783 1390 quis
810 1335 1017 1377 haeresim
1046 1335 1250 1388 condidit,
1279 1348 1434 1388 negans
1462 1348 1645 1375 resurre-
1672 1348 1737 1381 cap.
1758 1348 1829 1374 x1v.

96 1406 276 1447 ctionem
297 1406 454 1458 carnis,
484 1409 525 1446 et
545 1405 756 1446 Christ-um
783 1418 867 1446 non
887 1419 1005 1458 vere,
1037 1404 1111 1445 sed
1131 1406 1315 1459 putative
1337 1417 1509 1458 passum
1530 1417 1644 1444 asse-

96 1487 255 1515 verans.
304 1473 395 1514 Duo
425 1487 586 1528 quoque
614 1475 806 1529 opinatus
836 1478 899 1514 est
926 1487 976 1514 ex
1005 1473 1176 1514 adverso
1208 1473 1286 1514 sibi
1315 1486 1405 1513 esse
1426 1473 1645 1527 principia,

96 1542 294 1598 quiddam
314 1542 395 1583 tale
410 1542 468 1583 'de
489 1542 700 1583 Aeonibus
724 1542 841 1596 quale
864 1542 1108 1582 Valentinus
1130 1541 1355 1582 affirmans.

180 1610 451 1653 ¹Colorbasus
475 1615 641 1652 secutus
659 1615 722 1651 est
737 1612 853 1663 istos,
874 1624 957 1651 non
974 1610 1151 1651 multum
1167 1610 1285 1650 aliter
1302 1611 1500 1662 sentiens,
1515 1610 1646 1651 vitam
1672 1624 1737 1656 Cap.
1757 1624 1814 1648 xv.

97 1681 282 1722 omnium
302 1678 518 1721 hominum
539 1683 579 1721 et
599 1681 908 1733 generationem
929 1680 972 1720 in
994 1683 1152 1734 septem
1181 1678 1387 1720 sideribus
1418 1679 1644 1720 consistere

96 1749 322 1790 affirmans.

180 1816 514 1870 Heracleonitae,
536 1816 587 1857 ab
609 1815 862 1857 Heracleone
885 1816 1088 1872 discipulo
1112 1818 1391 1871 superiorum,
1421 1815 1500 1858 duo
1530 1830 1644 1857 asse·
1671 1830 1736 1863 Cap.
1757 1830 1827 1856 xvi.

97 1890 195 1928 runt
213 1887 432 1941 principia,
455 1899 584 1926 unum
606 1899 656 1926 ex
677 1885 820 1937 altero,
842 1888 883 1925 et
904 1899 954 1926 ex
975 1885 1038 1926 his
1062 1885 1220 1926 duobus
1243 1885 1323 1925 alia
1343 1884 1533 1940 plurima.
1564 1884 1594 1926 F
1598 1899 1641 1926 c-

97 1958 244 1996 runtur
263 1957 403 1995 autem
425 1967 519 1995 suos
540 1955 766 1995 morientes
787 1967 892 1994 novo
914 1954 1034 1995 modo
1057 1956 1174 2008 quasi
1194 1954 1412 2007 redimere,
1432 1953 1476 1995 id
1493 1958 1555 1994 est
1571 1968 1644 2009 per

100 2023 248 2077 oleum,
268 2022 500 2064 balsamum
521 2027 562 2062 et
582 2035 732 2076 aquam
752 2026 793 2062 et
811 2023 1117 2076 invocationes,
1146 2036 1246 2078 quas
1267 2023 1483 2064 Hebraicis
1505 2023 1642 2064 verbis

99 2091 243 2134 dicunt
263 2105 387 2147 super
408 2093 542 2146 capita
564 2104 716 2131 eorum.

182 2160 358 2216 Ophitae
380 2174 404 2200 a
424 2159 591 2200 colubro
613 2160 813 2200 nominati
835 2164 950 2209 sunt3
974 2159 1140 2201 coluber
1161 2161 1273 2201 enim
1296 2161 1449 2202 Graece
1471 2160 1556 2219 ὄφις
1578 2161 1641 2202 di-
1667 2176 1733 2209 cap.
1752 2176 1838 2201 xvii.

99 2231 216 2271 citur.
254 2228 375 2270 Hune
396 2233 535 2269 autem
557 2227 766 2268 Christum
787 2227 1055 2278 arbitrantur;
1080 2228 1154 2269 sed
1174 2228 1330 2270 habent
1351 2231 1477 2271 etiam
1497 2243 1642 2271 verum

100 2297 336 2340 ¹001ubrum
357 2301 569 2338 assuetum
591 2309 733 2338 eorum
752 2310 881 2351 panes
903 2296 1104 2350 lambere,
1127 2302 1249 2352 atque
1272 2299 1330 2339 ita
1352 2299 1411 2339 eis
1432 2298 1547 2340 velut
1568 2313 1638 2340 eu-

187 2421 218 2455 2.
234 2421 358 2455 rimam
376 2422 445 2454 edit
461 2420 608 2454 Erasmi.
689 2419 720 2453 3.
741 2420 837 2459 Quod
852 2420 906 2453 Ιιιό
923 2423 957 2453 in
975 2422 1073 2454 editis
1075 2424 1199 2465 fuerat
1215 2424 1382 2456 additum.-
1406 2422 1456 2457 De
1469 2424 1640 2458 tricesimo

98 2467 214 2501 seculo
231 2466 312 2500 dicit
326 2466 500 2500 diabolum
510 2466 676 2511 genitum,
690 2470 723 2499 et
738 2476 758 2498 a
775 2465 907 2500 diabolo
925 2467 1010 2500 alios
1024 2471 1123 2501 natos
1137 2469 1196 2512 qui
1207 2469 1350 2501 fecerint
1362 2468 1451 2502 hunc
1462 2470 1639 2505 mundum.

97 2512 141 2547 Et
162 2512 238 2547 ideo
260 2512 429 2546 malitiam
451 2522 519 2545 non
543 2511 682 2545 arbitrio
706 2511 839 2553 tribuit,
863 2511 923 2546 sed
945 2516 1088 2546 naturae
1105 2514 1236 2555 mundi,
1259 2514 1292 2547 id
1309 2518 1361 2548 est
1383 2516 1502 2559 generi
1525 2515 1639 2550 diabo-

98 2557 163 2592 lico
180 2558 275 2591 abest
289 2570 311 2591 a
327 2557 423 2591 MSS.
464 2557 618 2602 (Bened.)

188 2602 270 2648 Cap.
286 2602 363 2638 ΧΠ.
381 2623 424 2628 —-
450 2602 478 2636 l.
496 2602 581 2635 Edit
602 2599 729 2636 Lot-an.
755 2608 786 2635 et
807 2604 932 2647 aliquot
952 2603 1047 2638 MSS.
1066 2604 1284 2639 Sevandiani.
1322 2606 1398 2637 Alii
1411 2618 1483 2639 eum
1494 2606 1638 2640 Erasmo

99 2647 324 2736 {ecundifflzil}
347 2660 480 2738 quos-{tm
505 2649 634 2681 scilicet
655 2650 812 2693 princeps
833 2648 1003 2683 ,Secundus
1026 2663 1049 2683 a
1071 2649 1269 2692 Plcae'lastrz'o,
1288 2650 1483 2696 Epiphanio
1507 2658 1538 2686 et
1559 2653 1639 2686 aliis

123 2696 234 2728 icitur.
328 2705 389 2728 ene
417 2721 423 2728 .

188 2739 269 2784 Cap.
286 2739 362 2774 XV.
379 2759 423 2764 —
457 2738 484 2772 1.
503 2737 728 2772 Colarbasum
750 2740 832 2772 editi
856 2752 900 2784 ap
927 2741 1046 2780 ellam,
1071 2741 1215 2775 multata
1240 2743 1351 2776 altera
1373 2743 1486 2776 vocali
1506 2755 1524 2776 ο
1546 2746 1580 2775 in
1603 2756 1635 2783 a,

99 2785 339 2818 reluctantibus
355 2787 500 2829 antiquis
515 2786 702 2828 seripturis.
750 2783 889 2827 (Bened.

188 2829 269 2875 Gap.
284 2829 393 2864 XVH.
409 2850 453 2855 —
481 2830 508 2864 l.
528 2830 549 2862 I
550 2836 584 2861 ta
608 2832 640 2861 viu
656 2828 750 2863 MSS.
768 2831 817 2862 At
837 2833 871 2863 in
892 2833 1020 2864 esc-usis
1037 2832 1238 2864 describitur·
1255 2833 1382 2866 isthaec
1402 2833 1551 2867 haeresis
1575 2833 1635 2866 Ιιοε

93 2877 172 2919 sere
185 2877 296 2909 niodo:
318 2874 416 2909 Hunc
432 2880 546 2908 autem
564 2875 740 2907 colubrum
757 2875 815 2919 qui
834 2876 965 2920 decepit
980 2875 1089 2909 Adam
1107 2881 1139 2910 et
1154 2877 1262 2911 Evam
1281 2878 1452 2912 Christum
1470 2879 1634 2912 arbitran-

101 2923 173 2954 tur:
196 2920 256 2954 sed
271 2919 399 2954 habent
415 2921 517 2954 etiam
534 2931 650 2953 verum
668 2920 843 2954 colubrum
861 2932 962 2966 quem
978 2922 1132 2955 nutriunt
1148 2928 1181 2956 et
1196 2930 1409 2957 venerantur.
1449 2923 1513 2964 Qui
1535 2928 1568 2957 et
1584 2925 1633 2958 in-

102 2968 259 2999 cantante
281 2965 455 2999 sacerdote
478 2965 650 3010 egreditur
673 2965 713 2998 de
736 2966 899 3011 spelunca
923 2970 955 3000 et
971 2968 1123 3000 ascendit
1138 2979 1240 3013 super
1263 2970 1368 3002 altare
1385 2969 1541 3002 inn'uzum
1558 2982 1632 3015 spe-

101 3009 221 3044 luncae
237 3014 271 3044 et
286 3011 474 3045 oblationes
492 3022 608 3044 eorum
624 3010 754 3051 lambit,
771 3015 805 3044 et
819 3011 995 3046 involvens
1013 3023 1048 3046 se
1065 3013 1152 3046 circa
1169 3024 1226 3047 eas
1239 3015 1426 3055 regreditur
1439 3014 1481 3047 ad
1498 3016 1632 3060 spelun-

103 3065 178 3090 cam
193 3060 227 3090 et
242 3056 290 3090 ita
305 3055 525 3101 confringunt
541 3056 728 3090 oblationes
744 3057 780 3090 iu
792 3056 1041 3098 eucharistiam,
1060 3059 1158 3102 quasi
1173 3070 1193 3092 a
1205 3055 1360 3104 serpente
1375 3058 1517 3102 Christo,
1534 3067 1572 3094 ut
1582 3062 1632 3095 illi
