2052 3374
1580 220 1660 262 387

113 322 252 355 dixisset
266 322 342 361 deo,
368 326 398 354 et
411 324 548 365 ¹qratias
565 324 701 366 eqisset,
726 324 827 355 etiam
843 321 941 355 liuius
963 324 1070 366 ipsius
1085 324 1181 366 facti
1208 321 1292 355 milti
1314 323 1466 356 reddidit
1485 325 1659 364 rationem,

113 373 146 400 et
160 368 297 400 addidit
311 368 441 400 dicens.-
467 369 520 401 det
536 369 597 401 tibi
613 370 763 401 dominus
780 370 964 412 exaequari
980 368 1146 400 nobiscum
1162 370 1196 400 in
1215 369 1362 401 omnibus
1379 375 1413 402 ut
1422 376 1583 413 percepto
1601 370 1660 402 ba-

106 415 276 457 ptismate,
287 415 400 457 possis
417 414 464 446 ad
480 415 617 447 eandem
634 414 801 447 nobiscum
819 416 995 447 convenire
1011 425 1168 448 mensam.
1193 413 1237 446 Et
1253 414 1311 447 lib.
1324 414 1397 449 VII.
1415 414 1475 448 fol.
1496 414 1569 448 113.
1592 415 1662 448 Sed

112 465 144 492 et
157 459 245 491 illud
258 458 478 499 observamus,
496 471 640 492 mensam
658 471 730 492 cum
744 460 898 503 qentibus
913 472 977 492 non
994 459 1118 492 habere
1136 471 1349 500 communem,
1374 462 1440 493 uisi
1457 472 1528 493 eum.
1549 462 1659 494 eredi-

111 505 232 544 derint,
249 509 282 537 et
294 511 432 548 recepta
448 508 590 538 veritate
615 506 781 549 baptisati
787 507 936 549 fuerint,
965 516 1006 537 ae
1029 507 1121 537 trina
1144 506 1290 548 quadam
1308 506 1399 538 beati
1414 509 1554 539 nominis
1569 510 1660 539 inro-

111 551 242 583 catione
258 553 448 583 consecrati
453 564 463 591 ,·
481 558 513 583 et
527 558 603 584 tune
621 563 693 583 cum
711 553 758 583 eis
775 551 881 583 eibum
894 553 1059 583 sumimus.
1084 551 1243 595 Alioquin
1258 553 1390 584 etiamsi
1399 559 1503 596 puter
1516 558 1576 585 aut
1589 565 1660 586 ma-

109 602 161 629 ter
176 598 252 635 sint,
271 602 330 629 aut
344 608 428 629 uxor
445 603 504 629 aut
510 597 596 641 filii,
616 599 832 640 autfratreS,
852 609 914 629 non
925 608 1101 641 possumus
1119 608 1191 629 cum
1207 599 1255 629 eis
1271 608 1417 630 mensam.
1434 597 1558 631 habere
1575 610 1659 631 com-

108 652 245 674 munem.

175 686 357 720 Abstinere
374 691 489 720 autem
505 688 548 721 ab
565 688 748 732 aliquibus,
766 699 836 721 non
853 687 952 732 quasi
968 687 1084 730 malis]
1112 686 1297 721 Christiani
1311 688 1487 722 abstinent
1503 700 1540 722 se
1556 690 1659 723 inter-

109 731 192 766 dum
208 732 368 766 carnibus
386 738 420 766 et
434 733 526 775 vino,
542 744 613 766 non
630 733 721 789 quod
737 733 821 766 haec
838 737 1006 778 tanquam
1029 732 1240 778 βδελύγματα
1263 734 1412 775 oderint,
1437 733 1522 767 ἀλλὰ
1539 738 1596 767 τοῦ
1615 735 1657 780 μὴ

109 779 248 823 σφριγᾶν
272 777 343 822 περὶ
366 778 406 810 τὰ
429 776 601 823 ἀφροδίσια
627 791 682 822 την
707 777 811 823 σάρκα
834 782 871 812 ut
900 779 948 812 ait
972 779 1130 812 Clemens
1155 779 1410 813 Alexandrinus
1440 781 1658 826 στρωματέων

108 823 168 858 lib.
185 814 258 858 VH.
274 823 333 857 fol.
351 823 427 858 315.
467 825 576 858 Autor
593 825 633 858 de
649 825 716 858 fide
734 824 777 858 ad
792 824 932 858 Petrum
949 835 1022 869 cap.
1040 824 1097 858 ΠΙ.
1136 824 1236 858 Seri-i
1258 827 1313 858 dei
1327 828 1363 858 in
1388 838 1422 859 eo
1440 828 1526 869 quod
1542 840 1563 859 a
1582 839 1659 859 cur-

108 869 204 902 nibus
220 875 252 902 et
268 883 290 902 α
306 872 382 903 vino
396 870 571 910 abstinent,
590 883 651 904 non
667 877 822 914 tanquam
837 883 891 903 res
903 872 1092 903 immundas
1105 873 1284 914 refuyiunt,
1302 873 1361 904 secl
1373 874 1558 905 rmundioris
1570 876 1659 905 ritae

106 917 262 948 instituta
283 921 464 949 sectantur.
489 919 523 949 et
545 927 618 961 cap.
641 916 747 949 XLH.
774 916 983 949 Firmissime
1007 922 1087 956 tene,
1110 927 1223 949 servos
1246 918 1310 957 dei,
1334 920 1390 961 qui
1413 931 1433 949 u
1453 918 1614 950 carnibus
1630 924 1662 951 et

107 963 183 994 vino
201 961 377 1002 abstinent,
396 973 459 994 non
476 969 642 1006 tamquam
661 964 840 1002 immunda,
859 974 943 1006 quae
961 975 982 994 a
1001 963 1060 995 deo
1068 965 1174 1006 jacta
1191 968 1268 994 sunt
1282 974 1449 1006 respuere,
1474 965 1534 996 secl
1550 977 1571 996 a
1580 967 1658 1007 jor-

108 1009 188 1040 tiori
212 1007 282 1040 cibo
305 1012 337 1039 et
350 1014 450 1051 potu,
469 1019 535 1051 pro
551 1008 624 1040 sola
643 1010 867 1050 eustiyatione
892 1010 1046 1052 corporis
1068 1008 1244 1042 abstinere.
1288 1008 1370 1040 Vide
1394 1008 1560 1052 Cyrilliun
1581 1010 1658 1042 Ale-

106 1052 316 1085 xandrinum
333 1056 451 1086 contra
472 1052 646 1086 Iulianum
668 1053 727 1086 lib.
744 1053 817 1086 VII.
838 1053 898 1086 fol.
919 1053 993 1087 167.
1020 1058 1053 1086 et
1075 1056 1229 1098 sequent.
1271 1052 1438 1097 Cyrillum
1463 1054 1659 1099 Hierosoly-

105 1098 224 1132 mitan.
242 1109 359 1143 κατηχ.
378 1098 405 1130 ὂ.
426 1098 654 1142 φωτιζομένων
671 1097 702 1130 ἐν
719 1097 957 1143 Ἱεροσολύμοις
974 1109 1054 1144 pag.
1073 1098 1126 1133 23.
1160 1099 1357 1132 Tertullian.
1382 1099 1546 1133 adversus
1569 1102 1659 1134 Mar-

107 1144 242 1177 cionem
256 1143 316 1178 lib.
334 1143 375 1176 II.
393 1154 467 1188 cap.
485 1143 608 1177 XVIII.
650 1143 838 1177 Bernhard.
856 1144 896 1177 de
913 1144 1016 1177 modo
1041 1145 1129 1177 bene
1145 1144 1283 1178 vivendi
1306 1156 1407 1180 serm.
1426 1146 1556 1180 XXIV.
1596 1146 1658 1180 Pe-

106 1192 198 1222 trum
212 1189 423 1223 Damianum
439 1190 537 1234 epist.
554 1190 579 1223 I.
597 1189 761 1223 adnotata
777 1190 819 1222 ad
835 1190 1021 1223 Minutium
1037 1190 1188 1223 Felicem
1210 1190 1269 1224 fol.
1288 1190 1371 1224 LIV.

151 1234 232 1280 Cap.
248 1234 384 1269 LXVII.
397 1255 441 1260 -—-
465 1236 576 1269 Malas
594 1235 704 1269 dicere
721 1236 860 1280 nuptias
877 1234 1151 1269 Hierachitarum
1167 1238 1200 1269 et
1216 1236 1500 1270 Manichaeorum
1518 1239 1586 1280 est]
1602 1238 1657 1271 Illi

106 1280 199 1314 enim
213 1281 473 1314 matrim0nium
495 1285 535 1314 ut
554 1281 704 1322 malum,
728 1285 762 1314 et
784 1281 1014 1326 impudicitiae
1038 1282 1218 1326 negotium
1240 1283 1441 1326 reprobant,
1469 1284 1658 1318 vanissime

106 1329 318 1368 asserentes,
342 1339 466 1360 omnem
491 1329 609 1359 coitum
633 1339 789 1371 spurcum
813 1339 898 1367 esse,
925 1339 983 1360 nee
1009 1330 1203 1371 eoniuyatos
1219 1340 1318 1371 posse
1335 1340 1471 1371 reqnum
1489 1331 1657 1362 caelorum

100 1373 284 1417 possidere.
309 1371 522 1417 Epiphanius
538 1371 669 1406 haeres.
687 1372 824 1406 LXVII.
855 1371 1066 1406 Athanasius
1083 1376 1202 1406 contra
1219 1384 1338 1406 omues
1356 1372 1487 1407 haeres.
1503 1374 1562 1408 fol.
1580 1374 1656 1409 852.

104 1417 335 1462 Hieronymus
353 1418 396 1451 ad
413 1417 625 1451 Caelantiam
649 1418 748 1463 epist.
764 1418 857 1452 XIV.
877 1429 949 1462 cap.
968 1418 1056 1452 YHI.
1079 1418 1244 1452 adversus
1269 1418 1397 1452 Iovian.
1423 1420 1480 1453 lib.
1497 1420 1522 1453 I.
1541 1431 1612 1466 cap.
1631 1420 1656 1456 I.

105 1462 267 1497 Irenaeus
284 1463 448 1497 adversus
465 1463 597 1498 haeres.
614 1464 674 1497 lib.
690 1464 715 1496 I.
733 1475 807 1508 cap.
832 1464 952 1497 XXX.
970 1468 1005 1497 et
1022 1468 1178 1508 sequent.
1218 1463 1335 1497 Iohan.
1362 1465 1597 1499 Damascenus
1616 1467 1656 1500 de

105 1508 238 1543 haeres.
259 1509 320 1543 fol.
343 1508 420 1544 581.
460 1509 662 1544 Tertullian.
687 1515 806 1543 contra
828 1510 1041 1543 Marcionem
1064 1510 1123 1544 lib.
1146 1509 1171 1543 I.
1197 1520 1270 1554 cap.
1292 1511 1427 1544 XXIX.
1471 1513 1656 1556 Augustin.

107 1558 228 1589 contra
250 1555 434 1588 Secundin.
472 1554 716 1589 Manichaeum
744 1566 819 1600 cap.
844 1555 944 1590 XXI.
968 1559 1002 1588 et
1030 1555 1071 1588 de
1091 1554 1223 1590 haeres.
1248 1566 1321 1600 cap.
1344 1556 1466 1591 XLVI.
1509 1558 1655 1602 Vigilius

105 1600 169 1634 ΡΡ.
192 1601 229 1634 in
253 1600 376 1636 decret.
402 1604 485 1634 tom.
503 1601 534 1634 2.
575 1600 817 1634 Conciliorum.
843 1600 970 1634 Concil.
997 1600 1199 1645 Gangrense
1225 1612 1297 1646 cap.
1315 1601 1339 1635 I.
1381 1601 1509 1636 Concil.
1531 1603 1656 1637 Braca-

105 1657 204 1680 rense
220 1646 246 1680 Ι.
262 1657 337 1692 cap.
353 1646 416 1682 XI.
446 1647 486 1680 Si
501 1649 574 1691 quis
591 1649 749 1691 com'uqia
767 1647 915 1680 humana
933 1648 1088 1687 damnat,
1113 1653 1145 1679 et
1154 1650 1424 1691 procreationem
1450 1652 1655 1682 nascentium

99 1692 342 1737 perhorrescit,
359 1695 447 1726 sieut
460 1692 686 1726 Manicliaeus
703 1699 735 1726 et
748 1693 990 1725 Priscillianus
1007 1694 1105 1732 dixit,
1123 1692 1303 1726 anatliema
1320 1695 1374 1728 sit.
1413 1693 1570 1737 Ignatius
1587 1696 1656 1728 Au-

104 1737 252 1772 tiochiae
269 1737 548 1795 archiepiscopus
566 1738 712 1783 epistola
728 1737 784 1771 VI.
802 1738 845 1771 ad
861 1737 1162 1783 Philadelphenses
1180 1749 1260 1783 pag.
1277 1738 1331 1772 34.
1372 1736 1448 1771 Ἐάν
1470 1751 1515 1778 τις
1534 1738 1655 1785 φθορὰν

105 1783 158 1816 καὶ
176 1783 284 1828 μολυσ
310 1783 347 1816 ὀν
365 1783 448 1826 καλῆ
466 1795 522 1827 την
539 1784 677 1828 νόμιμον
695 1783 793 1829 μίξιν,
819 1783 872 1816 καὶ
895 1782 950 1826 τὴν
975 1785 1039 1816 τῶν
1057 1783 1182 1816 παίδων
1200 1784 1338 1828 γένεσιν,
1363 1783 1384 1826 ἤ
1400 1796 1469 1817 τινα
1486 1787 1550 1818 τῶν
1570 1786 1655 1831 βρω-

105 1827 216 1875 μάτων
234 1829 289 1873 βδε
313 1828 403 1874 υκτὰ,
422 1821 439 1862 ὃ
457 1832 601 1868 τοιοῦτος
621 1827 740 1862 ἔνοικον
758 1826 824 1873 ἔχει
840 1829 895 1861 τὸν
914 1827 1075 1874 δράκοντα
1091 1828 1146 1861 τὀν
1165 1827 1358 1871 ἀποστάτην.

173 1874 276 1909 Cibos
294 1886 430 1920 quoque
447 1875 584 1908 credere
600 1876 727 1917 malos]
751 1874 865 1916 Cibos,
884 1886 970 1919 quos
988 1875 1072 1908 deus
1089 1875 1217 1908 creavit
1233 1875 1277 1908 ad
1294 1875 1459 1909 utendum
1470 1903 1478 1918 ‚
1496 1888 1654 1911 aversan-

105 1924 160 1954 tur
177 1924 211 1954 et
232 1925 400 1966 respuunt
423 1921 613 1961 Tacianus,
638 1921 852 1961 Encratitae,
876 1920 1093 1961 IovinianUS,
1116 1920 1342 1954 Manichaeus
1360 1925 1393 1954 et
1408 1921 1654 1957 Priscillianus.

102 1966 334 2011 Hieronymus
352 1966 514 2000 adversus
531 1966 698 2000 Iovinian.
716 1966 775 2000 lib.
789 1966 814 1999 I.
833 1977 905 2011 cap.
919 1967 943 2000 I.
984 1965 1197 2011 Epiphanius
1213 1965 1344 2000 haeres.
1366 1967 1502 2001 XLVII.
1521 1974 1554 2001 et
1569 1968 1654 2003 LVI.

103 2011 338 2046 Theodoretus
355 2012 500 2048 divinor.
518 2012 642 2045 decret.
660 2012 808 2056 epitome
824 2012 882 2045 fol.
895 2011 973 2046 416.
993 2017 1026 2045 et
1041 2011 1167 2045 haeret.
1183 2012 1330 2047 fabular.
1348 2012 1406 2045 lib.
1419 2013 1445 2046 I.
1468 2014 1652 2059 Augustin.

102 2057 234 2092 haeres.
247 2057 369 2093 XLVI.
393 2062 427 2091 et
442 2062 561 2092 contra
575 2057 743 2091 Faustum
758 2057 999 2091 Manichaeum
1014 2058 1073 2091 h'b.
1086 2057 1142 2091 VI.
1159 2068 1232 2102 cap.
1250 2058 1307 2092 VI.
1341 2058 1498 2093 Clemens
1517 2061 1654 2095 constit.

103 2103 162 2137 lib.
175 2103 233 2139 VI.
251 2115 326 2148 cap.
339 2103 386 2138 X.
406 2108 440 2136 et
454 2103 568 2137 XXV.
604 2103 768 2136 Nicolaus
785 2103 848 2137 ΡΡ.
868 2103 910 2136 ad
927 2103 1083 2137 consulta
1100 2103 1331 2147 Bulgarorum
1349 2115 1376 2137 c.
1394 2104 1516 2139 XLIII.
1548 2105 1654 2139 Bern-

102 2147 230 2182 hardus
247 2160 350 2194 super
367 2148 507 2182 Cantica
526 2160 627 2182 serm.
646 2148 765 2182 CXVI.
782 2149 841 2182 fol.
856 2148 931 2182 761.
964 2150 1072 2182 Autor
1096 2149 1137 2182 de
1158 2149 1226 2182 fide
1251 2149 1293 2183 ad
1309 2149 1448 2183 Petrum
1464 2151 1654 2185 Diaconum

103 2205 178 2240 cap.
193 2194 285 2229 XLI.
310 2194 501 2228 Concilium
517 2194 728 2227 Bracarense
741 2194 766 2229 I.
784 2205 857 2239 cap.
872 2194 964 2228 XIV.
988 2194 1028 2227 Si
1051 2197 1122 2238 quis
1144 2197 1328 2229 immzmclos
1344 2202 1448 2240 putat
1469 2197 1559 2230 eibos
1577 2210 1653 2230 car-

102 2243 202 2281 nium,
220 2252 298 2284 quos
315 2241 395 2273 deus
410 2243 445 2272 in
461 2252 554 2273 usum
570 2240 735 2273 hominum
753 2241 861 2278 decliu-
883 2246 915 2272 et
935 2253 997 2273 uon
1015 2246 1158 2285 propter
1182 2242 1398 2284 afflictionem
1421 2245 1474 2274 sui
1490 2246 1651 2287 corporis,

101 2287 162 2320 sed
177 2288 276 2330 quasi
289 2287 534 2319 immunditiam
544 2291 682 2330 putans,
706 2288 756 2319 ita
775 2286 945 2319 abstineat
959 2286 1001 2319 ab
1020 2289 1077 2326 eis,
1094 2292 1132 2319 ‘ut
1146 2298 1205 2319 nee
1222 2288 1316 2320 olera
1335 2294 1431 2321 cocta
1449 2300 1521 2320 cum
1539 2292 1652 2323 curni-

104 2332 162 2365 bus
202 2337 382 2375 raequstet,
399 2333 487 2364 sicut
501 2330 726 2364 Manielzaeus
743 2338 774 2364 et
790 2331 1032 2364 Priscillianus
1049 2333 1239 2372 docuerunt,
1259 2332 1440 2366 anathema
1457 2336 1510 2367 sit.

200 2387 253 2422 ap.
270 2375 423 2411 LXVHI.
441 2396 486 2400 —
509 2376 671 2410 Sacratae
688 2377 878 2421 virginitati
893 2377 1031 2422 nuptias
1056 2379 1262 2422 coaequare]
1294 2379 1491 2412 Iovinianus
1508 2379 1651 2414 haereti-

103 2433 176 2465 cus,
193 2422 365 2456 Sarmatio
382 2426 416 2455 et
431 2421 663 2456 Barbatianus
680 2423 857 2467 vaniloqui
871 2421 1043 2465 homines,
1068 2424 1269 2457 asserebant
1286 2427 1449 2467 vii-yines,
1469 2427 1604 2466 viduus,
1623 2433 1654 2460 et

101 2471 295 2509 maritata-3,
312 2479 397 2512 quae
413 2469 512 2501 semel
525 2470 561 2501 in
579 2468 710 2502 Christo
728 2469 815 2502 lotae
832 2476 952 2509 essent,
977 2472 1008 2502 si
1033 2482 1095 2502 non
1118 2471 1355 2514 disc-reparent
1377 2473 1521 2503 caeteris
1544 2475 1651 2515 operi-

103 2515 172 2555 bus,
189 2515 333 2548 eiusdem
351 2525 419 2547 esse
435 2516 555 2554 meriti,
572 2514 758 2558 nullamque
775 2525 844 2547 esse
868 2516 1066 2547 distantiam
1081 2518 1170 2548 inter
1186 2516 1386 2548 abstinentes
1409 2523 1440 2548 et
1453 2518 1652 2560 simpliciter

103 2560 285 2604 epulantes.
308 2559 537 2602 Hieronymus
555 2558 716 2593 adversus
730 2559 894 2593 Iovinian.
912 2560 968 2593 lib.
986 2560 1013 2593 1.
1027 2571 1100 2605 cap.
1115 2560 1155 2593 II.
1172 2560 1323 2594 Isidorus
1336 2561 1548 2605 Hispalensis
1566 2563 1650 2607 orig.

102 2605 160 2640 lib.
173 2605 263 2640 VIII.
279 2616 353 2651 cap.
367 2604 407 2638 V.
424 2605 608 2649 Augustin.
623 2603 754 2639 haeres.
768 2605 945 2639 LXXXII.
962 2605 1003 2639 de
1019 2611 1239 2650 peccatorum
1254 2606 1385 2640 meritis
1402 2610 1436 2639 et
1449 2608 1651 2641 remissione

101 2651 161 2685 lib.
174 2650 231 2685 111.
249 2662 323 2696 cap.
341 2650 412 2684 VII.
445 2649 572 2684 Contra
596 2649 681 2684 duas
705 2651 867 2696 epistolas
890 2651 1065 2696 Pelagian.
1090 2656 1171 2685 tom.
1188 2652 1258 2686 VII.
1283 2663 1358 2695 cap.
1371 2651 1411 2684 II.
1448 2653 1649 2686 Ambrosius

103 2696 202 2741 epist.
215 2696 328 2732 XXV.
343 2696 403 2730 fol.
417 2695 491 2730 238.
516 2696 714 2740 Hieronym.
733 2696 776 2729 ad
793 2696 984 2730 Celantiam
1007 2698 1104 2742 epist.
1121 2697 1213 2731 XIV.
1233 2708 1306 2742 cap.
1322 2696 1408 2730 VIII.
1432 2698 1650 2742 Apostolicae

104 2743 279 2776 doctrinae
294 2744 414 2786 requla
432 2753 491 2774 nec
509 2753 581 2774 cum
599 2742 777 2775 Iouiniano
791 2749 914 2785 aequat
930 2746 1153 2776 continentiae
1167 2754 1270 2786 opera
1285 2745 1487 2786 nuptiarum,
1506 2756 1564 2776 nec
1578 2756 1650 2776 eum

102 2787 308 2822 Manichaeo
327 2790 484 2831 coniuyz‘a
496 2788 702 2821 condemnat.
725 2787 811 2820 Vide
820 2787 1006 2832 Sulpitium
1016 2788 1180 2821 Severum
1190 2787 1313 2829 dialog.
1325 2787 1355 2822 2.
1367 2788 1406 2820 de
1416 2788 1486 2821 vita
1499 2789 1649 2822 Martini.

171 2832 254 2878 Gap.
269 2833 397 2867 LXIX.
415 2852 460 2856 —
482 2832 621 2877 Integra
642 2832 709 2866 fidc
733 2833 939 2867 credendum
961 2838 1030 2875 est,
1054 2834 1191 2867 beatam
1208 2833 1354 2866 Mariam
1377 2833 1545 2877 virginem
1569 2845 1648 2867 con·

104 2878 248 2923 cepisse,
265 2882 299 2912 et
313 2882 394 2924 post
409 2881 545 2923 partum
562 2878 730 2922 virginem
742 2879 924 2922 mansisse]
947 2879 1136 2924 Expugnat
1149 2879 1464 2922 argumentationes
1477 2879 1648 2913 Antidico-

102 2924 314 2966 maritarum,
331 2923 586 2965 Claudinorum,
604 2928 638 2957 et
653 2923 800 2957 Helvidii
815 2922 986 2966 haeretici,
1004 2924 1164 2958 dicentis:
1181 2925 1215 2956 ιδ’.
1231 2924 1381 2957 Mariam
1399 2927 1560 2967 virqinenz
1571 2933 1651 2969 post

103 2972 313 3003 nativitatem
329 2971 513 3004 salvatoris
530 2981 568 3002 ex
586 2972 748 3002 consortio
767 2969 903 3014 Ioseplzz'
909 2971 1002 3014 filios
1018 2972 1216 3013 suscepisse,
1234 2972 1291 3014 qui
1296 2973 1431 3013 fratres
1448 2971 1572 3003 domini
1587 2983 1646 3015 ap·

98 3015 225 3059 pellati
237 3021 322 3051 sunt.
345 3015 544 3059 Hieronym.
562 3018 644 3048 tom.
658 3013 698 3048 ΙΙ.
715 3014 773 3049 fol.
790 3013 864 3048 133.
881 3020 914 3049 et
930 3026 1000 3060 seq.
1018 3015 1261 3048 Bonaventura
1284 3018 1430 3049 sentent.
1455 3015 1513 3049 lib.
1526 3015 1581 3049 IV.
1600 3016 1647 3049 di-

104 3060 217 3095 stinct.
230 3060 347 3097 XXX.
355 3072 450 3096 num.
464 3061 496 3095 5.
516 3059 713 3095 Gennadius
722 3059 762 3094 de
770 3060 852 3095 viris
865 3061 912 3095 ill.
927 3061 963 3095 in
969 3059 1352 3105 Helvidio.Epiphanius
1361 3059 1450 3094 haer.
1459 3059 1646 3096 LXXVIII.

1313 3116 1355 3151 25
1365 3117 1381 3134 ‘³
