2052 3342
191 658 255 688 (up.
275 657 356 682 XLV.

1058 204 1253 230 PHILASTRI

385 206 437 247 48

385 309 505 349 deum
530 307 695 362 quidem
716 307 870 347 bonum
898 306 1007 347 bona
1034 307 1190 360 sacer-(¹,
1219 311 1259 347 et
1285 306 1440 348 malum
1460 308 1577 350 mala.
1624 309 1759 349 Iesum
1780 310 1917 348 autem

385 376 627 417 salvatorem
650 389 730 415 non
754 379 895 415 natum
918 376 1065 415 asserit
1086 375 1134 416 (le
1152 376 1346 427 virginee,
1368 389 1443 415 nec
1466 378 1703 430 apparuisse
1720 378 1762 418 in
1781 389 1916 429 carne,

385 458 459 486 nec
483 444 531 484 (lo
555 443 665 484 caelo
689 442 1000 495 descendissed,
1029 443 1101 484 sed
1131 444 1335 498 ¹putative
1364 445 1498 484 visum
1519 444 1644 485 fuisse
1666 444 1917 497 hominibus,

383 515 449 566 qui
473 526 553 553 non
576 511 804 563 videbatur,
827 513 973 565 inquit,
994 525 1102 563 vere,
1124 511 1195 552 sed
1219 517 1305 552 erat
1326 511 1489 552 umbra:
1510 511 1618 553 unde
1640 517 1680 554 et
1695 512 1917 568 putabatur

382 580 628 634 quilmsdam
651 581 748 634 pati.
771 593 852 620 non
874 585 1011 620 tamen
1035 593 1126 620 vere
1149 580 1390 635 patiebatur.

455 649 636 689 Marcion
665 652 802 688 autom
831 647 1057 703 discipulus
1091 651 1199 701 eius,
1228 662 1373 699 genero
1402 648 1644 702 Ponticus—³,
1672 649 1721 690 de
1751 650 1915 691 civitate

381 717 554 771 Sinope⁷
576 716 718 757 urbem
742 717 911 756 Romam
934 716 1099 757 devenit
1110 718 1146 769 b,
1176 717 1312 771 ibique
1336 716 1488 769 degens
1510 717 1751 759 sceleratam
1771 717 1914 759 haere-

381 787 456 826 sim
476 784 720 837 seminabat,
738 789 858 839 atquo
878 787 1132 835 interrogans
1151 785 1409 839 presbyteros
1427 789 1590 827 sanctos
1608 785 1804 827 ecelesiae
1822 786 1834 810 1
1846 800 1914 827 ca-

379 853 553 894 tholicae
576 867 721 894 sensus
744 855 806 893 sui
826 855 883 893 eis
906 852 1658 908 ²¹01·ror0mmortiferumpropinabat,
1680 853 1821 895 dicens
1838 855 1914 895 ita:

381 921 485 971 Quid
507 926 570 962 est
589 921 722 976 3quod
743 923 785 962 in
808 922 1018 975 evangelio
1041 922 1201 962 (licente
1224 921 1388 963 domino
1420 923 1618 976 scriptum
1640 926 1748 963 est⁰:
1783 921 1916 964 Nemo

374 1005 563 1044 pannum
584 991 727 1031 rudem
745 991 869 1031 mittit
888 992 932 1031 in
952 992 1230 1031 vestimentum
1250 998 1376 1043 vetus,
1397 1005 1529 1046 neque
1548 992 1690 1032 vinum
1702 1005 1854 1032 novum
1871 992 1916 1032 in

377 1066 488 1100 utres
508 1066 673 1111 veterae,
695 1059 884 1113 alioquin
903 1058 1172 1114 fruinpentw·
1192 1066 1323 1112 utrae,
1353 1066 1390 1100 et
1410 1059 1642 1115 effundetur
1660 1059 1828 1100 vinum?
1864 1058 1916 1100 Et

379 1129 526 1168 iterum
536 1127 572 1166 ‘¹:
604 1126 703 1168 Non
732 1135 789 1168 est
809 1127 937 1168 arbor
967 1127 1074 1168 bona
1097 1142 1203 1182 qucce
1213 1128 1360 1182 saciat
1377 1128 1534 1168 medum
1542 1127 1757 1182 fructum,
1783 1141 1916 1183 ‘neque

377 1196 505 1236 arbor
524 1196 635 1236 mala
658 1210 764 1250 quae
774 1196 919 1251 faciat
949 1195 1099 1237 bonum
1115 1196 1323 1251 fruc-tum.
1361 1196 1502 1250 Deque
1522 1195 1599 1237 hoc
1621 1197 1828 1252 accipiens
1848 1197 1913 1237 in-

376 1266 712 1319 terpretationem
733 1278 757 1305 a
778 1266 932 1305 sanctis
955 1264 1206 1319 presbyteris
1231 1279 1311 1306 non
1333 1264 1622 1318 acquiescebat
1641 1266 1818 1318 veritati,
1840 1263 1913 1306 sed

376 1335 506 1385 magis
530 1332 727 1373 Cerdonis
749 1334 812 1373 sui
841 1333 1017 1374 doctoris
1048 1332 1237 1373 firmabat
1256 1333 1539 1386 mendacium,
1566 1337 1608 1374 et
1634 1335 1704 1374 isti
1724 1332 1913 1374 similiter

375 1415 505 1442 unum
527 1401 648 1442 deum
678 1401 829 1442 bonum
852 1405 891 1441 et
912 1415 1040 1441 unum
1068 1401 1221 1442 malum
1250 1402 1522 1452 adnuntians;
1545 1401 1755 1442 Christum
1775 1404 1913 1442 autem

375 1471 557 1524 putative
588 1471 873 1524 appar-nissae,
904 1469 946 1510 id
977 1474 1040 1510 est
1072 1471 1189 1523 quasi
1219 1484 1291 1525 per
1319 1469 1529 1522 umbram,
1556 1473 1598 1510 et
1624 1483 1794 1525 passum
1820 1483 1915 1510 eum

376 1539 502 1579 fuisse
515 1537 804 1591 umbratiliter,
821 1551 905 1580 non
916 1542 1056 1579 tamen
1068 1539 1111 1579 in
1123 1551 1220 1579 vera
1232 1552 1352 1580 carne
1366 1537 1571 1580 credebat.
1601 1536 1740 1579 5Κατά
1750 1535 1914 1579 Λουκᾶν

467 1674 493 1707 l.
520 1673 631 1706 Verba
648 1674 800 1718 putative
818 1692 859 1698 —
877 1693 919 1698 ——
935 1673 1047 1718 inquit
1063 1684 1140 1708 vere
1157 1686 1216 1707 om.
1234 1674 1278 1707 Α.

463 1730 544 1775 Cap.
562 1730 666 1764 XLV.
693 1733 725 1762 in
745 1730 850 1762 Baba
868 1733 1064 1775 inscriptum
1085 1737 1133 1763 est
1142 1731 1321 1764 ΜΑῐζΟΙοΝ.
1340 1750 1383 1754 -
1403 1730 1429 1763 l.
1448 1728 1636 1764 catholicae
1654 1730 1789 1763 orm-411.
1815 1729 1844 1763 2.
1863 1740 1912 1763 er-

373 1786 464 1809 rores
483 1776 530 1819 (Ιι.
541 1787 566 1808 e.
577 1775 714 1819 erroris)
731 1776 895 1809 mortiferi
911 1777 1124 1820 proponebat
1138 1778 1181 1809 A.
1213 1776 1243 1809 3.
1258 1776 1367 1820 inquit
1380 1775 1471 1820 quod
1485 1776 1528 1808 A.
1559 1775 1592 1809 4.
1604 1779 1807 1821 rumpuntur
1822 1779 1912 1809 utres

374 1826 406 1855 et
423 1820 608 1855 effunditur
625 1822 668 1854 Α.
723 1821 754 1855 5.
775 1821 861 1855 Κατὰ
878 1823 1002 1854 Αουκᾶν
1022 1822 1062 1855 Β.
1080 1822 1278 1856 Secundum
1293 1821 1423 1855 Lucam
1440 1822 1568 1866 reliqui.

373 1953 464 1979 teme
488 1949 623 1979 istorum
649 1948 791 1989 (›1·1'91'm's
814 1949 881 1979 sire
906 1948 1035 1980 ordinis
1048 1960 1107 1992 pe-

371 1998 450 2031 stes,
487 2004 570 2035 quae
599 1993 661 2024 [luo
690 1994 868 2036 prz'nczju'a
895 1993 961 2025 sihi
994 1996 1107 2036 tyriotes

370 2039 599 2077 introducant,
621 2043 658 2069 ut
674 2037 800 2069 Cerdon
820 2043 851 2070 et
864 2038 1039 2071 Marvz'on:
1057 2040 1110 2071 rel

372 2085 564 2122 contraria,
593 2089 630 2114 ut
654 2082 904 2115 illanielmeus'’
933 2087 995 2116 etc.
1040 2084 1107 2117 Sed

370 2139 439 2160 non
456 2127 596 2161 dubium
613 2132 665 2160 est
681 2126 868 2161 Cerdonem
889 2139 1023 2173 quoque
1041 2129 1106 2163 duo

371 2173 538 2217 principia
553 2173 744 2218 pugnantia
758 2173 847 2206 inter
864 2184 900 2206 se
921 2184 959 2207 ac
976 2179 1106 2208 contra-

370 2219 421 2251 ria
445 2219 604 2251 statuisse
630 2231 752 2258 „unum
776 2219 888 2251 bonum
916 2225 948 2251 et
968 2221 1104 2252 alterum

370 2276 513 2297 saec-um.
562 2264 688 2297 Bonum
721 2266 941 2308 superiorem.-
973 2277 1106 2297 saei-um

371 2309 472 2349 hunc,
501 2311 616 2342 ἰηιιηᾶιῗ
644 2310 856 2342 ονθαΐονρηι.”
880 2310 1034 2354 Append.
1064 2311 1106 2344 ad

370 2355 509 2388 Tertull.
527 2355 567 2388 de
582 2354 782 2399 Praescript.
804 2366 831 2388 c.
847 2354 901 2388 51.
941 2355 1016 2396 (F.)

415 2411 442 2433 c.
466 2411 536 2433 non
548 2404 669 2433 natum
682 2400 801 2433 asserit
815 2400 855 2433 de
868 2401 1014 2445 virgine]
1029 2400 1104 2435 Non

369 2445 410 2478 de
436 2445 633 2489 virginitate
655 2446 785 2479 Mariae
813 2445 872 2479 sed
900 2446 940 2479 de
964 2446 1105 2479 veritate

368 2491 555 2523 nativitatis
572 2490 635 2524 hoc
648 2491 894 2536 accipiendum,
912 2501 1015 2535 quam
1031 2496 1105 2525 tan-

368 2541 442 2569 tum
453 2536 679 2570 umbratiliter
695 2541 728 2569 et
741 2535 822 2569 κατὰ
835 2537 965 2578 δόκησιν
978 2536 1105 2570 factam

369 2581 476 2614 Cerdo
495 2582 727 2615 existimabat.
750 2581 961 2634 Epiphanius
974 2582 1062 2615 XLI.
1077 2583 1104 2615 1.

372 2626 435 2672 ἡμὴ
453 2622 529 2659 εἶναι
553 2625 587 2659 δὲ
603 2627 658 2659 τὀν
681 2628 816 2671 Χριστον
837 2627 1046 2671 γεγενημένον
1071 2626 1105 2660 ἐκ

373 2672 510 2717 Μαρίας,
537 2670 617 2716 μηδὲ
634 2671 664 2704 ἐν
682 2672 776 2716 σακρὶ
793 2671 1006 2716 πεφηνέναι;”
1025 2685 1104 2711 „nec

370 2730 408 2750 ez
429 2720 559 2761 rz'rqine
583 2723 710 2757 mltum,
737 2719 796 2750 sed
817 2720 944 2750 omnino
967 2729 1027 2750 nec
1044 2731 1104 2750 mc-

369 2764 458 2796 tum’'
487 2762 659 2807 appendix
687 2763 729 2795 ad
757 2763 895 2796 Tertull.
927 2763 986 2808 [V.
1009 2762 1104 2796 Chri-

369 2808 472 2841 stiani
493 2807 664 2842 Kortholti
687 2811 787 2841 notas
812 2808 854 2842 ad
876 2808 1046 2842 Iustinum
1070 2820 1103 2853 p.

368 2854 422 2887 53.
438 2854 470 2887 b.
488 2853 552 2898 sq.]
593 2853 668 2894 (F.)

414 2899 445 2932 d.
469 2911 532 2932 nec
557 2899 597 2932 de
621 2899 714 2931 eaelo
740 2899 976 2944 descendisse]
1009 2899 1102 2940 Quae

371 2945 541 2977 Valentini
557 2948 591 2977 et
606 2944 734 2988 Apellis
752 2947 824 2977 erat
840 2945 965 2988 opinio.
983 2945 1057 2986 (F.)

414 2989 495 3034 Cap.
511 2990 615 3024 XLV.
633 3010 677 3015 —
699 3000 728 3022 a.
752 2989 926 3035 Ponticus]
951 2990 1035 3023 Vide
1058 2989 1102 3023 Is.

369 3035 528 3071 vossium
545 3047 578 3081 p.
600 3035 654 3070 34.
677 3035 720 3069 ad
738 3034 909 3070 Catullum
932 3039 966 3069 et
982 3035 1020 3070 B.
1044 3035 1102 3069 do-

1177 1947 1277 1981 ctoris
1301 1947 1370 1981 mei
1392 1945 1476 1981 Tho.
1498 1946 1606 1991 Ittigii
1628 1945 1709 1980 diss.
1732 1946 1772 1980 de
1787 1946 1911 1980 Haere-

1176 1993 1315 2026 siarchis
1332 2004 1364 2038 p.
1386 1992 1458 2026 135.
1494 1992 1569 2034 (F.)

1220 2050 1253 2083 b.
1277 2049 1398 2083 urbem
1409 2049 1556 2082 Romam
1568 2048 1716 2091 devenit]
1738 2049 1825 2082 Ante
1838 2059 1911 2082 sae-

1176 2095 1242 2128 culi
1259 2095 1400 2128 secundi
1423 2094 1583 2128 medium.
1613 2093 1738 2128 Confer
1752 2094 1911 2128 Blondel-

1175 2141 1247 2174 lum
1265 2140 1305 2174 de
1322 2140 1498 2185 Episcopis
1514 2151 1546 2185 p.
1567 2139 1617 2173 19.
1635 2150 1705 2184 seq.
1738 2140 1814 2181 (F.)

1221 2209 1248 2231 c.
1272 2197 1436 2242 seriptum
1459 2196 1529 2241 est]
1557 2195 1678 2230 Matth.
1701 2195 1764 2229 IX.
1791 2196 1842 2230 16.
1871 2196 1910 2230 Ι11

1175 2243 1210 2276 S.
1228 2241 1386 2276 Archelai
1407 2242 1491 2287 disp.
1512 2252 1591 2275 cum
1605 2242 1743 2275 Manete
1759 2252 1839 2286 pag.
1856 2241 1910 2275 33.

1178 2288 1292 2327 „Sicut
1311 2291 1343 2320 si
1365 2293 1582 2321 assumentum
1599 2289 1712 2331 pauni
1737 2289 1834 2320 rudis
1856 2299 1910 2320 as-

1174 2340 1253 2367 suat
1266 2337 1338 2378 quis
1353 2336 1540 2367 vestimento
1562 2335 1681 2373 veteri,
1704 2335 1814 2366 maior
1828 2335 1910 2365 scis-

1174 2392 1255 2412 sura
1278 2382 1339 2412 sit:
1361 2382 1411 2412 ita
1435 2381 1534 2411 etiam
1557 2390 1677 2422 corpus
1699 2380 1730 2410 si
1747 2378 1909 2422 praecla-

1174 2427 1304 2458 rissimo
1321 2427 1415 2469 operi
1431 2425 1636 2457 adsociatum
1645 2425 1772 2467 fuerit,
1794 2425 1910 2456 interi-

1173 2471 1253 2503 7·e†.''
1293 2470 1368 2511 (F.)
1486 2471 1489 2473 ⁴

1220 2527 1251 2559 d.
1275 2526 1317 2559 Et
1333 2525 1469 2570 iterum]
1493 2524 1615 2559 Matth.
1635 2524 1706 2558 VII.
1724 2524 1755 2558 8.
1779 2525 1908 2558 Eodem

1175 2572 1263 2605 dicto
1289 2572 1415 2605 abusus
1432 2572 1553 2605 Manes
1582 2570 1625 2603 ad
1649 2570 1716 2604 duo
1740 2571 1910 2615 principia

1173 2617 1370 2661 ingerenda.
1400 2616 1484 2650 Vide
1506 2615 1737 2660 Epiphanium
1760 2616 1799 2649 T.
1824 2616 1852 2648 1.
1874 2627 1908 2660 p.

1175 2662 1249 2696 623.
1283 2663 1385 2707 [Ante
1407 2660 1648 2695 Manichaeum
1669 2662 1774 2694 etiam
1793 2662 1908 2705 legem

1173 2707 1423 2753 prophetasque
1452 2706 1608 2740 Marcion
1641 2706 1907 2747 condemnabat,

1174 2758 1212 2785 ut
1226 2757 1370 2786 testatur
1385 2752 1599 2796 Augustinus
1615 2752 1673 2785 lib.
1689 2751 1715 2784 Ι.
1735 2762 1764 2784 e.
1780 2751 1908 2784 Adver—

1173 2799 1301 2832 sarium
1316 2798 1403 2843 legis
1420 2801 1454 2832 et
1464 2795 1708 2842 prophetarum
1724 2807 1752 2830 c.
1771 2796 1814 2841 1.]
1832 2796 1908 2837 (F.)

1218 2866 1246 2888 e.
1276 2855 1428 2900 putative
1455 2852 1672 2898 apparuisse]
1707 2852 1909 2886 Provocavit

1171 2900 1325 2934 Marcion
1341 2901 1429 2933 inter
1444 2899 1511 2932 alia
1526 2898 1569 2931 ad
1584 2899 1698 2931 locum
1708 2896 1852 2942 Philipp.
1865 2897 1907 2930 II.

1172 2945 1202 2978 7.
1220 2946 1279 2979 ubi
1297 2945 1448 2979 Christus
1465 2944 1587 2977 dicitur
1606 2942 1637 2976 ἐν
1655 2941 1838 2988 ὁμοιώματι
1853 2941 1907 2975 ἀν-

1173 2990 1311 3034 θρώπων
1336 2991 1516 3036 γενόμενος,
1541 2989 1585 3022 ad
1601 2999 1704 3034 quem
1720 2989 1833 3022 locum
1854 2988 1906 3021 in-

1172 3036 1262 3079 spice
1284 3037 1313 3070 si
1335 3037 1447 3081 placet.
1467 3033 1770 3080 Theophylactum.
1802 3032 1906 3078 Chry-
