2084 3374
733 228 782 253 DE
803 227 1036 253 HAERESIBUS
1058 226 1178 251 LIBER.
1711 225 1734 264 9

292 332 523 375 Sadducaei
539 337 634 388 post
650 335 806 389 ipsum,
828 348 852 374 a
873 331 1058 374 Saddoca
1079 331 1246 373 homine
1268 329 1439 382 Iudaeo,
1471 329 1541 383 qui
1562 328 1638 370 hoc
1660 341 1733 369 no·
1762 337 1829 369 Cap·
1850 337 1881 361 V·

179 404 290 444 mine
314 402 557 454 vocabatur,
581 403 650 456 qui
673 401 902 456 discipulus
924 402 1001 442 fuit
1021 400 1171 453 illiusb,
1194 401 1263 454 qui
1285 403 1326 440 et
1348 398 1608 440 confirmavit
1628 397 1735 438 hanc

177 472 389 523 haeresin,
409 474 455 511 ut
476 485 526 511 ex
547 484 594 512 eo
617 470 847 511 Sadducaei
869 469 1116 511 dicerentur.
1159 467 1398 510 Secundum
1418 481 1585 508 carnem
1606 480 1736 520 aeque

179 540 313 582 solum
339 538 581 595 praedicant
612 538 856 591 vivendum5
890 538 1291 590 circumcidendum,
1318 550 1548 592 corpusque
1577 535 1735 590 ¹bapti-

179 608 377 661 zandum.,
404 607 454 649 de
476 608 566 662 Iege
595 612 732 649 autem
755 607 895 648 divina
916 621 1000 649 non
1022 607 1134 648 aliud
1156 610 1464 662 expectantes0,
1490 605 1737 660 Epicuream

181 676 462 718 dementiamd
487 678 626 732 potius
655 690 778 731 quam
801 676 965 717 divinae
992 675 1096 729 Iegis
1123 677 1213 716 iura
1240 679 1461 716 sectantes.
1503 675 1562 715 De
1586 674 1737 729 quibus

179 750 221 787 et
248 747 294 787 in
325 745 560 799 evangelioe
593 747 794 801 scriptum
824 748 906 797 est,
944 744 1118 786 docente
1151 744 1337 797 domino,
1375 748 1597 798 contraque
1629 744 1736 785 hanc

178 815 371 857 haeresin
392 815 635 870 pestiferam
656 814 933 869 praedicante.

290 883 608 925 Pharisaeorum
629 883 710 924 alia
732 887 813 936 est,
835 896 938 937 quae
960 883 1332 924 1·es1u·rectione1na
1353 882 1535 922 futuram
1566 882 1737 923 confite-

178 952 404 1006 t111·,lege1n
415 954 567 1007 accipit
583 956 623 993 et
639 952 862 1007 prophetas
871 952 900 1004 ἢ,
910 951 1120 992 Christum
1137 954 1276 992 autem
1293 955 1483 1006 expectat
1502 955 1546 991 ut
1561 953 1738 992 iustumc

270 1054 350 1099 Cap.
369 1054 408 1087 V.
435 1056 468 1087 in
497 1054 600 1087 Bzzbca
628 1056 822 1098 inscription
850 1053 951 1086 Imber
974 1053 1192 1086 Sanorcxm.
1213 1074 1255 1078 —
1283 1053 1310 1086 1.
1336 1052 1579 1097 baptisandum
1606 1064 1633 1086 c.

271 1100 352 1145 Cap.
372 1100 426 1134 VI.
453 1102 486 1132 ιή
512 1100 619 1133 Bahc.
647 1102 844 1144 inscriptum
870 1100 971 1132 habet
992 1099 1195 1133 Pnauxsiam.
1223 1120 1265 1123 —

180 1198 210 1225 et
230 1190 441 1237 Epiphanius
460 1191 500 1225 de
517 1191 745 1224 Sadducaeis:
778 1194 924 1236 ,,πνεῦμα

180 1237 215 1270 δὲ
232 1236 322 1281 ἅγιον
341 1236 400 1269 οὖν.
413 1235 536 1269 ἰ’σασι.”
563 1237 621 1280 [Et
633 1236 923 1282 Theophylactus

179 1283 248 1317 Sed
264 1294 325 1328 per
342 1285 469 1328 πνεῦμα
487 1283 641 1316 animum
657 1282 808 1316 hominis
825 1283 924 1316 intel-

180 1329 266 1374 lige,
291 1340 396 1374 quam
419 1340 494 1362 esse
517 1329 749 1362 immortalem
767 1329 925 1373 spiritum

180 1379 213 1408 et
230 1378 308 1420 post
324 1373 516 1408 discessum
533 1386 553 1408 a
566 1386 708 1419 corpore
724 1386 926 1419 permanere

180 1421 356 1465 negabant
369 1420 571 1462 Sadducaei,
589 1424 677 1454 teste
690 1419 836 1465 Iosepho
850 1420 926 1454 XII.

183 1465 248 1509 1⁸2]
299 1466 372 1508 (F.)

234 1523 262 1545 e.
292 1523 356 1545 nec
384 1511 539 1545 futurum
562 1511 742 1554 iudicium]
781 1512 924 1545 Animos

181 1557 273 1591 enim
289 1558 470 1598 mortales,
493 1557 661 1590 mundum
684 1558 925 1602 incorruptibi-

181 1604 249 1636 lem
266 1614 341 1636 esse
359 1603 474 1636 docuit
489 1602 676 1636 Dositheus
700 1608 786 1636 teste
805 1603 925 1636 eodem

180 1649 337 1693 Eulogio.
388 1648 460 1690 (F.)

225 1694 249 1728 f.
275 1695 315 1727 de
333 1695 410 1739 Iege
432 1699 534 1739 atque
552 1693 744 1739 prophetis]
770 1694 842 1727 Ilno
857 1695 924 1739 pri-

180 1751 276 1773 mum
292 1740 400 1773 fuisse
414 1741 473 1785 qui
485 1739 668 1785 prophetas
688 1740 926 1785 repudiaverit,

181 1786 281 1830 quasi
310 1797 379 1819 non
408 1786 443 1819 in
472 1786 593 1831 spiritu
619 1798 645 1819 s.
670 1787 818 1827 locutos,
845 1787 925 1819 scri-

180 1832 266 1865 bunt
288 1835 407 1865 auctor
430 1832 627 1876 appendicis
651 1831 694 1864 ad
722 1832 861 1864 Tertull.
885 1832 925 1865 de

180 1877 443 1922 Praescription.
462 1881 495 1910 et
511 1878 742 1921 Hieronymus
760 1877 924 1910 adversus

180 1923 436 1964 Luciferianos,
461 1926 494 1956 et
510 1923 545 1956 in
562 1922 625 1956 hoc
645 1924 719 1967 ipso
739 1923 924 1956 Samarita—

180 1969 233 2002 nis
252 1980 331 2002 eum
344 1972 521 2002 auctorem
538 1969 661 2002 erroris
679 1969 733 2001 sui
750 1969 856 2002 fuisse
874 1969 924 2002 in-

181 2018 302 2054 nuunt,
327 2025 347 2047 a
369 2015 495 2059 quibus
519 2015 611 2048 solos
635 2015 740 2047 libros
765 2015 852 2059 legis
875 2026 926 2048 re-

181 2060 210 2093 ci
237 2060 249 2093 i
266 2060 396 2093 dicetur
411 2061 511 2100 infra,
530 2072 603 2105 cap.
622 2060 652 2094 7.
702 2061 774 2102 (1⁸.)

222 2106 285 2150 ¹tap.
296 2106 335 2139 V.
347 2127 390 2130 —
414 2117 443 2140 a.
458 2117 479 2139 a
492 2106 625 2139 Saddoc
635 2105 774 2139 homine
784 2105 924 2149 Iudaeo]

180 2150 371 2196 Epiphanio
392 2156 426 2185 et,
443 2152 659 2185 Damasceno
680 2151 822 2195 Σαδώκ,
844 2153 926 2185 Ara-

181 2197 283 2230 bibus
305 2197 447 2238 Zenclz'k,
461 2197 596 2231 Iudaeis
618 2201 745 2254 ΡἾἿΕ,
760 2197 926 2242 Antigoni

182 2253 330 2288 Sochaei
350 2254 549 2299 discipulus.
578 2254 664 2288 Vide
680 2254 926 2288 Maimonidem

181 2299 924 2344 adPirkeAbothT.4.Misehnaep.411.edit.

206 2346 375 2379 raeclarae
405 2345 701 2386 Surenhusianae,
736 2345 793 2378 ubi
823 2350 856 2379 et
884 2347 925 2379 de

214 2391 324 2425 aitoso
342 2392 449 2425 altero
466 2392 633 2436 Antigoni
658 2391 842 2436 discipulo,
867 2403 925 2425 au-

182 2440 274 2470 ctore
291 2436 569 2479 Baitosaeorum,
587 2437 627 2470 de
645 2437 769 2481 quibus
787 2437 925 2481 perinde

181 2486 221 2515 ut
249 2482 290 2516 de
318 2482 528 2516 Sadducaeis
556 2483 691 2516 abunde
723 2483 831 2515 multa
864 2483 927 2517 viri

183 2527 285 2570 docti,
297 2528 466 2571 Fullerus,
479 2528 681 2569 Pocockius,
696 2528 851 2570 Drusius‚
866 2528 925 2562 Se-

182 2574 302 2616 rarius,
320 2573 475 2619 Scaliger
492 2578 555 2608 etc.
604 2574 676 2615 (F.)

235 2619 268 2652 b.
299 2619 490 2665 discipulus
524 2620 590 2653 fuit
618 2620 724 2662 illius]
759 2618 925 2653 Dosithci.

183 2664 271 2698 Nam
292 2665 341 2698 ita
363 2670 397 2698 et
419 2666 474 2699 alii
497 2670 629 2699 veteres
659 2666 825 2709 scriptum
847 2666 924 2698 reli-

184 2714 347 2754 querunt,
370 2715 409 2744 ut
425 2711 535 2756 capite
553 2711 728 2755 superiore
752 2712 924 2744 annotavi.

181 2755 225 2789 Et
253 2756 312 2800 qui
338 2756 552 2801 Antigonum
581 2757 724 2795 audivit,
755 2757 862 2800 potuit
892 2761 926 2789 et

183 2801 323 2834 alterius
341 2802 499 2845 magistri
516 2803 638 2836 sectari
656 2802 812 2842 vestig-ia.
851 2802 923 2844 (F.)

236 2857 265 2880 c.
290 2858 360 2880 non
390 2847 483 2880 aliud
513 2848 750 2892 expectantes]
788 2846 925 2880 Nullam

184 2892 287 2925 aliam
303 2893 427 2934 vitam,
450 2894 563 2926 nullas
581 2893 732 2926 melioris
751 2896 783 2924 et
801 2893 925 2937 sempi-

182 2940 300 2970 ternae
316 2938 436 2971 beatae
452 2939 543 2972 vitae
557 2938 813 2983 promissiones.
838 2938 925 2972 Nam

181 2986 221 3015 ut
251 2982 326 3016 lose
352 2982 397 3017 ho
436 2983 476 3017 de
515 2984 723 3018 Sadducacis
763 2983 925 3017 traditum

182 3027 305 3062 XVIII.
324 3034 332 3044 ⁵
347 3055 354 3062 .
371 3029 511 3074 Antiqu.
538 3028 612 3071 ν,τὰς
631 3027 734 3074 ὼυχὰς
753 3029 925 3073 συναφανί-

183 3073 274 3112 ζουσι
296 3075 362 3113 τοῖς
387 3074 555 3120 σώμασι,”
579 3079 613 3109 et
640 3065 786 3119 ¹negasse
815 3085 924 3109 resur-

993 1191 1197 1231 rectionem,
1227 1194 1364 1224 constat
1392 1202 1435 1223 ex
1458 1190 1532 1223 Act.
1557 1190 1685 1224 XXIII.
1710 1190 1740 1224 8.

995 1237 1079 1270 Vide
1109 1237 1138 1269 si
1170 1237 1283 1281 placet
1310 1237 1509 1271 Menassem
1541 1236 1741 1271 Israelideln

994 1283 1052 1316 lib.
1074 1283 1101 1316 1.
1120 1283 1161 1316 de
1178 1282 1443 1316 Resurrectione
1461 1294 1534 1327 cap.
1553 1283 1583 1315 6.
1633 1282 1706 1324 (F.)

1042 1329 1072 1362 d.
1098 1328 1302 1373 Epicuream
1320 1328 1542 1371 dementiam]
1569 1328 1629 1361 Vir
1646 1340 1741 1372 prae-

996 1375 1231 1407 stantissimus
1252 1373 1447 1407 Gerhardus
1465 1374 1610 1407 Vossius
1634 1375 1691 1407 lib.
1715 1375 1741 1407 l.

998 1420 1038 1452 de
1058 1420 1198 1464 Origine
1215 1420 1432 1453 Idololatriae
1451 1431 1478 1452 c.
1500 1420 1549 1453 10.
1574 1420 1690 1453 saltim
1707 1421 1741 1453 in

996 1477 1036 1498 eo
1045 1467 1203 1499 meliores
1213 1466 1386 1510 Epicureis
1401 1465 1620 1499 Sadducaeos
1635 1466 1742 1499 fuisse.

997 1512 1173 1551 observat,
1192 1512 1282 1555 quod
1300 1512 1380 1544 licet
1397 1512 1529 1544 animas
1547 1511 1687 1556 perinde
1705 1517 1743 1545 ut

996 1557 1162 1602 Epicurus
1172 1557 1334 1590 mortales
1349 1568 1424 1590 esse
1434 1557 1607 1598 ducerent,
1625 1561 1740 1590 tamen

995 1615 1065 1636 non
1088 1604 1322 1636 inficiarentur
1348 1603 1450 1635 deum
1472 1603 1668 1648 prospicere
1692 1615 1741 1635 re-

996 1649 1060 1682 bus
1072 1648 1244 1690 humanis,
1258 1649 1426 1682 duntaxat
1440 1649 1475 1681 in
1488 1648 1551 1682 hac
1564 1649 1644 1682 vita.
1659 1648 1741 1682 Cae—

994 1698 1105 1728 terum
1113 1695 1212 1728 facile
1227 1695 1268 1727 ad
1282 1694 1532 1739 providentiam
1546 1695 1742 1738 negandam

996 1741 1185 1785 prolabitur
1214 1741 1273 1784 qui
1296 1740 1407 1773 eidem
1424 1740 1494 1773 fato
1513 1740 1647 1773 animos
1674 1752 1741 1785 quo

996 1797 1139 1831 corpora
1162 1785 1342 1819 hominum
1371 1786 1542 1819 obnoxios
1572 1797 1648 1819 esse
1677 1787 1743 1819 sibi

994 1833 1215 1877 persuaserit.
1264 1832 1337 1874 (F.)

1041 1889 1068 1911 e.
1102 1878 1136 1910 in
1161 1878 1357 1922 evangelio]
1394 1877 1517 1911 Matth.
1548 1877 1661 1911 XXII.
1687 1878 1740 1911 ⁴23.

994 1924 1099 1956 Marc.
1118 1923 1194 1957 XII.
1216 1923 1265 1956 18.
1284 1923 1365 1957 Luc.
1384 1924 1465 1957 XX.
1484 1923 1537 1957 27.
1556 1935 1627 1968 seq.
1657 1924 1742 1957 Vide

994 1970 1098 2002 etiam
1121 1968 1242 2002 Matth.
1260 1969 1352 2003 XVI.
1371 1969 1401 2002 (3.
1420 1981 1491 2014 seq.
1521 1970 1581 2002 ubi
1610 1981 1629 2002 a
1657 1970 1741 2014 ζύμῃ

994 2015 1260 2048 Pharisaeorum
1277 2019 1309 2048 et
1327 2015 1605 2048 Sadducaeorum
1623 2027 1744 2048 cavere

996 2061 1062 2094 sibi
1079 2072 1160 2094 suos
1178 2061 1340 2094 Servator
1357 2062 1508 2106 optimus
1526 2062 1630 2095 iubet.
1669 2061 1742 2103 (F.)

1042 2118 1123 2162 Cap.
1134 2118 1189 2151 VI.
1201 2139 1244 2143 —
1255 2129 1283 2151 a.
1294 2119 1581 2151 resurrectionem
1590 2118 1743 2151 futuram

996 2163 1193 2207 confitetur]
1210 2164 1412 2197 Distinctiin
1422 2163 1486 2197 hoc
1495 2164 1743 2204 aSadducaeis‚

995 2210 1109 2243 Actor.
1124 2209 1256 2244 XXIII.
1273 2210 1304 2243 8.
1331 2210 1365 2243 S.
1381 2209 1593 2265 Epiphanius
1608 2210 1701 2244 XVI.
1712 2210 1742 2243 2.

998 2251 1214 2300 ,ὦμολόγουν
1239 2254 1273 2288 δὲ
1292 2251 1381 2288 οὗτοι
1398 2254 1571 2288 ἀναστασιν
1589 2256 1742 2300 νεκρῶν.”

995 2302 1146 2335 Dubium
1167 2306 1293 2343 tamen,
1313 2313 1356 2335 an
1369 2302 1495 2346 impios
1515 2303 1618 2335 etiam
1633 2313 1742 2335 resur-

995 2351 1147 2380 recturos
1167 2347 1382 2380 crediderint.
1413 2348 1498 2381 Vide
1516 2347 1673 2380 Flavium
1690 2348 1741 2380 10-

995 2392 1141 2437 sephum
1158 2393 1281 2426 XVIII.
1301 2393 1330 2426 2.
1354 2393 1494 2438 Antiqu.
1518 2397 1552 2426 et
1576 2394 1633 2426 lib.
1653 2393 1682 2426 2.
1702 2394 1742 2426 de

995 2439 1084 2472 bello
1102 2438 1239 2472 Iudaico
1259 2450 1330 2483 cap.
1353 2439 1403 2472 12.
1453 2439 1526 2481 (F.)

1041 2485 1072 2517 b.
1099 2485 1213 2528 legem
1233 2485 1355 2529 accipit
1376 2489 1409 2517 et
1427 2484 1626 2530 prophetas]
1646 2484 1740 2525 Quod

996 2531 1099 2563 etiam
1122 2530 1341 2563 Sadducaeos
1364 2530 1504 2571 fecisse,
1528 2531 1597 2563 iam
1620 2531 1742 2575 proba-

996 2581 1074 2609 runt
1090 2576 1154 2609 viri
1172 2576 1278 2617 docti,
1303 2580 1336 2608 et
1360 2587 1405 2609 ex
1421 2576 1587 2609 Talmude
1611 2580 1743 2609 certum

996 2633 1071 2654 esse
1089 2622 1241 2655 affirmat
1256 2622 1417 2655 Menasse
1435 2622 1502 2654 ben
1520 2621 1624 2655 Israel
1641 2633 1672 2665 p.
1687 2621 1741 2653 43.

996 2667 1036 2700 de
1055 2667 1247 2700 Resurrect.
1288 2668 1331 2700 At
1349 2666 1524 2700 Pharisaei
1547 2672 1680 2712 praeter
1704 2665 1742 2698 τὰ

995 2712 1205 2757 γεγραμμένα
1222 2713 1407 2746 utebantur
1424 2713 1528 2746 etiam
1545 2713 1661 2745 multis
1681 2724 1741 2743 7:2-

996 2758 1264 2802 τροπικρειιδότοιςἹ
1280 2762 1311 2791 et
1326 2758 1560 2791 additamenta
1573 2757 1741 2802 quaedam

994 2804 1074 2847 legi,
1093 2808 1129 2836 ut
1148 2804 1302 2848 loquitur
1321 2804 1564 2842 Tertullianus
1588 2803 1741 2836 adstrue-

996 2849 1088 2888 bant,
1107 2860 1193 2893 quae
1209 2849 1400 2882 Sadducaei
1415 2849 1575 2894 amplecti
1589 2849 1739 2881 noluere.

997 2895 1135 2936 (Fulsr.)

1041 2951 1068 2973 c.
1095 2939 1268 2973 Christum
1286 2944 1449 2985 expectat
1472 2944 1508 2972 ut
1526 2940 1656 2972 iustum
1681 2938 1740 2971 ho-

994 2985 1137 3028 minem]
1163 2986 1329 3019 Messiam
1348 2990 1529 3019 venturum
1553 2996 1621 3017 non
1639 2984 1741 3018 deum

994 3032 1077 3072 fore,
1095 3031 1155 3064 sed
1172 3042 1305 3064 merum
1318 3031 1502 3071 hominem,
1520 3030 1585 3062 sibi
1601 3041 1740 3074 persua-

995 3076 1122 3110 debant
1137 3075 1329 3119 Pharisaei,
1349 3076 1487 3121 perinde
1506 3079 1542 3108 ut
1560 3075 1648 3109 infra
1665 3086 1739 3121 cap.

1765 889 1831 921 Cap.
1851 889 1898 913 VI.
