2052 3342
1036 198 1229 223 rniluxsTiu

393 201 469 240 160

388 303 457 343 soil
483 302 687 343 ¹³‹lextrae
712 301 934 354 laevaeque
956 301 1241 351 insignantur.
1264 305 1305 342 et
1323 306 1371 342 ut
1394 301 1637 343 “contraria
1653 304 1695 342 ct
1711 313 1794 342 non
1809 299 1934 354 plena

388 372 571 411 veritatis
594 372 646 410 ita
672 370 862 419 leguntur
883 385 906 409 a
930 369 1127 423 plurimis.
1162 371 1433 424 Septuaginta
1455 384 1548 411 vero
1571 370 1746 411 duorum
1767 369 1934 409 decreta

387 446 507 491 atque
530 438 738 481 consulta.
768 454 815 478 ea
846 438 984 485 legens
1014 437 1191 478 eeclesia
1212 438 1415 478 catholiea
1436 452 1596 493 semper
1618 438 1744 479 habet
1764 441 1806 478 et
1826 436 1932 478 deti-

388 515 453 547 net
480 509 788 550 incunctanter.
820 506 926 546 illius
957 513 1092 546 autern
1124 508 1239 559 quasi
1264 506 1469 560 superllua
1492 508 1547 547 ita
1567 508 1759 547 aestimat
1779 518 1870 546 esse
1893 508 1934 546 et

387 575 550 615 indii-at.
587 576 693 615 11:10<-
718 576 886 616 etenini.
910 574 947 614 id
972 581 1031 614 est
1052 576 1324 629 Septuaginta
1345 575 1519 616 duorum
1535 574 1834 629 interpretatio,
1856 572 1932 614 sub

387 643 633 684 ΓωΙυιιιειυυΙ
668 659 757 689 νων
790 645 1081 697 Aegyptini-uin
1125 650 1215 697 post
1247 643 1529 684 Ahmandrum
1560 642 1834 685 Macedonem
1869 645 1933 682 est

384 712 490 752 edita
515 712 721 755 omnibus,
744 712 975 766 populoque
1003 712 1162 751 ludaico
1187 713 1225 751 in
1250 711 1505 753 lli‹.÷1·1isale.1n
1528 711 1624 752 (lata
1644 715 1721 763 est,
1743 724 1838 751 cum
1857 709 1932 751 lia-

386 782 562 821 bitnrent
589 795 668 820 non
694 781 809 820 inulti
837 780 971 820 ludaei
999 780 1102 820 velut
1132 782 1169 820 in
1194 780 1450 820 subiectione
1475 782 1554 821 iam
1577 780 1699 834 positi
1720 779 1828 832 regis
1848 778 1931 820 Ae·

383 851 525 903 J-'NJ'tll-
551 851 760 901 rogatique
779 849 830 888 ul»
849 850 937 902 ipso
959 849 1205 891 l'toleinaeo.
1230 855 1271 888 111
1291 850 1537 903 interpretes
1555 849 1818 889 mitterentur
1833 847 1931 888 Ale·-

384 918 610 958 xandriani.
647 918 766 966 l“Quo
790 931 880 957 euni
908 919 1117 958 venissent
1140 919 1411 971 Septuaginta
1433 917 1512 958 duo
1535 918 1745 972 sapientes
1766 930 1813 957 ac
1834 929 1932 970 pru-

383 986 527 1027 dentes
553 987 626 1026 riri
651 987 917 1040 interpretes.
940 986 1168 1026 secundnm
1193 988 1348 1026 iussum
1371 987 1477 1035 regis
1499 985 1731 1027 Hebraeam
1750 984 1933 1037 linguam

383 1055 535 1096 Graeco
559 1069 746 1095 sernnjme
772 1056 1026 1108 interpretati
1052 1056 1218 1095 Graecis
1244 1054 1390 1095 litteris
1413 1053 1646 1106 ediderunt,
1668 1054 1793 1095 sicuti
1813 1054 1931 1095 etfa-

381 1132 492 1164 etnm
515 1132 588 1162 est.
623 1125 806 1176 sumque
829 1125 1081 1177 suscepisset
1103 1138 1171 1164 eos
1190 1122 1449 1163 Ptolemaeus
1473 1137 1542 1163 rex
1559 1122 1751 1177 Aegypti,
1770 1125 1932 1163 tentare

383 1192 522 1232 volens
544 1193 578 1232 si
601 1198 711 1231 esset
733 1205 873 1231 eorum
897 1191 1037 1232 divina
1059 1193 1261 1246 scriptura
1283 1205 1406 1245 (fuam
1425 1191 1617 1243 legebant
1632 1191 1788 1243 Iudaei,
1809 1204 1930 1245 sepa-

381 1263 501 1301 ratim
539 1268 776 1313 ‹pie1nque·¹·
819 1261 936 1299 iussit
976 1259 1129 1300 includi
1171 1262 1210 1300 in
1245 1259 1482 1301 cubiculum
1515 1259 1759 1313 nullumque
1790 1259 1932 1301 videre

379 1330 503 1369 :ilium
527 1330 606 1368 nisi
631 1328 748 1368 ι’35010
771 1334 942 1382 excepto
965 1335 1036 1367 ου’·
1061 1330 1128 1381 qui
1154 1330 1420 1383 interpretem
1444 1330 1658 1384 exciperet
1679 1327 1931 1378 dictantem3

381 1399 644 1450 moniumque
675 1398 882 1450 accipiens
914 1405 1057 1450 postea,
1086 1398 1469 1451 interpretationem
1500 1397 1683 1452 quotidie
1713 1411 1809 1438 cum
1831 1411 1930 1438 con-

379 1468 627 1507 sentientem
651 1467 691 1505 in
714 1478 839 1505 unum
865 1466 1070 1505 inveniret
1091 1465 1318 1507 editionem
1340 1467 1545 1519 omnium,
1573 1467 1696 1507 iussit
1725 1466 1930 1508 conscribi

379 1542 500 1589 atque
524 1536 618 1589 poni
643 1536 681 1574 in
705 1533 952 1588 templu1n⁴',
984 1538 1027 1574 ut
1047 1535 1310 1575 venientibus
1340 1534 1389 1575 de
1412 1534 1615 1587 Achaiav,
1644 1532 1674 1558 ¹⁷
1685 1533 1736 1576 de
1759 1534 1932 1577 Graecia

377 1611 499 1657 atque
522 1603 612 1643 aliis
636 1603 859 1657 provinciis
882 1602 1152 1657 philosophis,
1173 1605 1308 1657 poetis
1330 1607 1372 1644 et
1391 1603 1732 1659 historiographis
1758 1604 1930 1658 cupien-

379 1673 488 1713 tibus
511 1671 672 1721 legendi
696 1673 814 1725 eopia.
835 1685 916 1712 non
940 1676 1170 1724 negaretur.
1203 1671 1322 1714 Unde
1346 1676 1386 1713 et
1402 1673 1581 1714 maxime
1599 1675 1843 1727 argumenta
1859 1684 1930 1714 su-

998 1774 1047 1806 14.
1069 1773 1259 1807 contrariae
1281 1778 1313 1807 et
1338 1785 1406 1807 non
1425 1774 1547 1819 plenae
1568 1774 1665 1817 (Ast).
1740 1773 1792 1808 15.
1808 1772 1931 1814 QuiA.

474 1774 520 1806 13.
546 1773 666 1806 <lextra
691 1774 855 1818 laevaque
878 1774 922 1806 A.

929 1819 979 1852 17.
999 1818 1039 1852 (10
1056 1818 1200 1853 Graecia
1216 1832 1276 1853 om.
1291 1833 1319 1854 c.
1354 1819 1422 1854 Pro
1440 1821 1638 1864 ylossemate
1662 1822 1749 1854 enim
1774 1822 1934 1865 expunxit

383 1821 430 1852 le.
445 1820 557 1852 50111111
575 1824 793 1863 exceptorem
810 1819 853 1851 A.

378 1865 573 1899 Fabricius.

423 1946 444 1980 l.
472 1945 535 1978 sub
559 1944 770 1987 Ptolemaeo]
810 1944 1047 1989 Philadelpho,
1077 1945 1118 1979 de

378 2002 444 2034 quo
466 1990 617 2023 Aristeas
646 1988 851 2034 (Epiphanio
877 1991 914 2025 T.
934 1991 963 2024 2.
989 2003 1020 2035 p.
1043 1991 1116 2025 1543.

1187 1946 1251 1979 sis:
1280 1945 1466 1987 „Notarum
1482 1945 1518 1979 iu
1535 1945 1713 1980 scribendo
1727 1956 1803 1980 com
1829 1945 1932 1979 endia

1187 1996 1221 2024 et
1244 1992 1375 2035 figuras
1399 1991 1512 2025 varias
1536 1991 1719 2026 verborum
1739 2003 1776 2026 m
1815 1991 1930 2026 titudi-

377 2035 571 2080 Ἄρισταῗος)
596 2042 699 2079 atque
723 2046 765 2068 ex
791 2047 830 2069 eo
853 2035 1017 2081 Iosephus
1040 2036 1117 2071 ΧΗ.

377 2081 408 2116 ἱ).
427 2087 461 2114 et
477 2082 545 2115 alii.
593 2081 665 2122 (F.)

421 2138 466 2161 m.
491 2127 675 2180 separatim
698 2129 883 2171 ciuemque]
922 2128 1117 2161 (fielularum

376 2174 447 2206 sive
480 2171 630 2204 οἰκισκωυ
668 2172 804 2205 1110111111
843 2174 1007 2215 vestigia,
1040 2185 1117 2207 cum

376 2218 603 2252 Alexandriae
616 2223 820 2259 versaretur,
833 2219 868 2251 in
882 2219 993 2252 vicina
1006 2218 1116 2253 Pharo

376 2265 497 2305 insula,
514 2267 705 2297 monstrata
721 2264 788 2296 sibi
803 2268 949 2297 testatur
968 2265 1117 2299 lustinus

376 2310 506 2354 Martyr
517 2308 690 2343 Cohortat.
705 2309 747 2342 ad
758 2308 909 2343 Graecos
919 2321 950 2354 p.
966 2311 1028 2351 14„
1046 2322 1117 2344 me-

375 2356 476 2389 minit
491 2356 595 2388 etiam
614 2354 774 2388 Irenaeus
790 2354 848 2389 HI.
868 2355 920 2387 25.
959 2356 1115 2390 Clemens

375 2402 473 2435 Alex.
494 2401 522 2435 1.
547 2400 672 2434 Strom.
689 2400 717 2434 1.
730 2412 763 2444 p.
777 2399 852 2434 342.
878 2400 1024 2444 Cyrillus
1038 2402 1116 2435 Hie-

374 2447 476 2481 rosol.
493 2446 619 2490 aliique
637 2457 783 2491 quorum
798 2446 875 2479 loca
891 2445 1000 2487 affert,
1017 2447 1115 2480 fabu-

375 2494 512 2537 lamque
533 2492 743 2535 Hieronymo
772 2492 876 2524 etiam
899 2492 1031 2535 pridem
1056 2504 1114 2525 ex-

375 2539 509 2583 plosam
525 2538 636 2570 reiicit
651 2536 858 2570 Hmnfredus
874 2537 974 2581 Hody
990 2538 1025 2570 in
1042 2538 1114 2572 lau-

375 2584 453 2618 dato
472 2594 574 2629 opere
591 2595 625 2627 p.
648 2581 720 2616 138.
738 2593 809 2626 seq.
859 2582 932 2624 (F.)

420 2641 452 2662 n.
477 2630 545 2662 nisi
568 2628 641 2661 solo
660 2632 804 2673 excepto
823 2628 877 2673 eo]
915 2627 971 2661 Sic
988 2627 1116 2663 habent

374 2675 557 2716 editiones,
581 2677 616 2707 at
630 2674 665 2706 in
682 2674 746 2707 Ms.
766 2672 964 2707 Corbeiensi
986 2677 1050 2706 nisi
1066 2688 1115 2707 so-

374 2722 439 2753 lum
458 2725 661 2764 eoeceptorem
678 2722 750 2763 qai,
774 2719 865 2763 quod
881 2719 1028 2752 fortasse
1045 2731 1114 2753 me—

376 2767 450 2800 lius.
476 2765 625 2806 Quinam
641 2769 759 2798 essent
772 2768 972 2810 exceptores
986 2765 1058 2798 dixi
1075 2765 1116 2798 ad

375 2811 607 2846 Gaudentium
623 2809 806 2843 edoPatav.
822 2821 900 2855 pag.
915 2810 945 2843 7.
973 2810 1117 2844 Glossae

375 2858 487 2891 Veter.
510 2856 671 2901 Magistri
692 2855 803 2888 Isonis
828 2856 869 2889 ad
892 2856 1118 2890 Prudentium

373 2903 510 2937 Weitzii
523 2903 648 2946 Hymn.
668 2901 719 2934 14.
735 2912 766 2934 v.
785 2901 859 2934 709.
876 2902 911 2934 in
929 2913 1012 2935 voce
1024 2902 1117 2935 Scri-

375 2949 435 2981 bas
456 2960 488 2993 p.
507 2947 583 2983 821.
615 2947 860 2991 „Except01·eS‚
884 2948 943 2991 qui
959 2947 1050 2981 dicta
1065 2948 1116 2980 iu-

374 2993 456 3027 dicis
475 2998 508 3026 et
521 3003 688 3038 responsa
699 2993 857 3036 martyris
867 2992 1116 3037 excipiebant.''

373 3039 550 3075 Ennodius
558 3040 599 3075 V.
611 3038 647 3074 S.
656 3037 840 3084 Epiphanfi
847 3038 950 3083 episc.
958 3039 1115 3075 Ticineu-

1186 2048 1267 2071 nem
1283 2036 1608 2082 comprehendentes
1633 2037 1729 2071 brevi
1750 2040 1930 2072 assecutus

1187 2083 1222 2117 iu
1247 2087 1470 2128 exceptorum
1492 2093 1634 2116 numero
1658 2082 1834 2117 dedicatus
1859 2083 1929 2117 eni-

1187 2129 1261 2169 tuit,
1280 2129 1459 2173 coepitque
1475 2129 1546 2162 iam
1561 2128 1640 2162 talis
1657 2128 1828 2174 excipere,
1845 2139 1929 2174 qua-

1186 2174 1228 2207 lis
1245 2175 1354 2219 possit
1369 2175 1443 2208 sine
1460 2174 1629 2208 bonorum
1645 2174 1864 2208 oblocutione
1881 2174 1930 2208 di-

1187 2219 1312 2255 ‹ztare.⁷'
1350 2219 1394 2253 Et
1417 2220 1456 2254 V.
1474 2219 1515 2253 B.
1538 2219 1680 2253 Antonii
1695 2219 1857 2254 monachi
1872 2219 1928 2254 Li-

1185 2265 1350 2299 rinensis:
1378 2264 1592 2307 „Constantii
1607 2265 1769 2300 antistitis
1786 2276 1828 2299 ea
1842 2269 1928 2300 tem-

1185 2316 1317 2356 pestate
1333 2309 1571 2345 fiorentissimi
1590 2311 1727 2345 iunctus
1753 2311 1927 2356 obsequiis

1186 2357 1346 2400 gloriosis
1363 2357 1522 2402 operibus
1545 2356 1636 2390 vitae
1660 2356 1855 2391 rudimenta
1871 2356 1927 2391 de-

1186 2402 1322 2444 dicavit,
1340 2403 1399 2447 qui
1416 2413 1495 2436 eum
1506 2402 1595 2436 inter
1607 2402 1858 2436 ecclesiasticos
1867 2413 1926 2436 ex-

1184 2453 1338 2492 ceptores
1363 2448 1545 2481 caelestem
1566 2448 1727 2481 militiam
1747 2448 1852 2482 iussit
1875 2458 1926 2481 or-

1184 2493 1280 2527 diri.''
1317 2493 1519 2538 Exeeptoris
1540 2492 1694 2527 officium
1715 2497 1927 2528 memoratur

1182 2539 1218 2573 in
1234 2539 1460 2583 Martyrolog.
1477 2537 1529 2572 25.
1546 2537 1637 2583 Aug.
1684 2538 1875 2584 (Galeard.)

1229 2597 1260 2619 ο.
1287 2585 1371 2630 poni
1386 2585 1422 2618 in
1444 2583 1624 2628 templum]
1657 2584 1866 2630 Serapeum,
1888 2585 1924 2618 in

1185 2641 1252 2675 quo
1267 2629 1468 2664 admiranda
1478 2629 1538 2662 illa
1548 2628 1764 2664 Bibliotheca
1774 2630 1925 2665 Alexan—

1185 2676 1276 2709 driae
1294 2676 1358 2709 sub
1377 2675 1521 2709 Caesare
1538 2679 1679 2717 exusta,
1704 2676 1925 2721 septingenta

1183 2722 1400 2755 voluminum
1407 2721 1515 2754 millia
1523 2720 1552 2754 si
1561 2720 1734 2760 credimus,
1739 2722 1923 2756 Ammiano

1185 2767 1385 2801 Marcellino
1401 2766 1460 2801 lib.
1474 2765 1588 2799 XXII.
1603 2776 1676 2811 cap.
1693 2765 1744 2802 16.
1769 2766 1836 2801 Ubi
1846 2767 1923 2800 vide

1189 2813 1316 2846 Valesii
1336 2816 1436 2846 notas
1464 2815 1498 2845 et
1517 2811 1673 2856 Lipsium
1695 2811 1922 2857 Syntagmate

1186 2858 1226 2891 de
1243 2857 1466 2891 Bibliothecis
1483 2868 1510 2890 c.
1527 2856 1559 2891 2.
1607 2857 1682 2899 (F.)

1230 2915 1263 2947 p.
1290 2904 1330 2936 de
1347 2902 1489 2947 Achaia]
1520 2901 1653 2936 Priores
1670 2903 1852 2938 editiones:
1881 2904 1922 2937 de

1185 2949 1215 2980 A
1223 2949 1337 2989 eliam,
1356 2951 1396 2982 de
1415 2950 1576 2982 Graecia.
1617 2948 1686 2982 Sed
1700 2949 1921 2994 perspicuum

1185 3005 1261 3028 esse
1288 2999 1371 3039 puto
1398 2993 1503 3028 verba
1529 2994 1570 3027 de
1595 2994 1748 3029 Graecia
1763 2994 1828 3035 hoc
1843 2994 1920 3030 loco
1978 3009 1983 3016 ,

1184 3050 1261 3075 esse
1275 3041 1460 3084 glossema.
1507 3042 1524 3080 (
1525 3038 1558 3073 F
1558 3042 1582 3080 ·)
