2052 3374
658 210 708 236 DE
728 212 961 241 HAERESIBUS
980 217 1173 246 LIBELLUS.
1609 232 1688 275 321

136 316 221 345 non
242 319 333 348 esse
356 307 423 350 dei
443 313 700 369 genitricem,
723 320 872 373 quique
897 320 1114 365 damnatus
1133 327 1254 368 estin
1276 330 1419 383 quinta
1441 331 1687 378 1universali

136 374 291 426 synodo
313 379 569 433 temporibus
591 383 627 424 V
628 384 732 437 igilii
752 401 882 442 papae
906 394 947 430 et
967 391 1187 435 Iustiniani
1208 398 1409 454 principis
1438 403 1547 457 apud
1579 404 1684 447 Con-

134 444 446 500 stantinopolim
468 448 653 505 collecta,
676 453 726 494 ab
750 454 841 509 hoc,
862 458 1045 514 inquam,
1068 462 1283 507 Theodoro
1309 467 1562 513 denominati
1585 473 1684 515 hae-

131 511 251 552 retici
266 526 347 554 non
364 515 635 561 inveniuntur
645 536 654 572 3
680 523 788 563 sicut
803 528 880 567 nec
898 541 922 567 a
938 526 1139 572 2Maoario
1155 534 1394 587 patriarcha
1409 539 1684 597 Antiocheno,

131 579 201 632 qui
220 593 347 624 unam
367 583 625 630 voluntatem
646 594 687 630 et
707 604 833 634 unam
855 597 1137 650 operationem
1155 601 1436 656 dogmatizans
1458 610 1501 649 in
1520 610 1681 655 Christo

129 647 320 691 similiter
341 651 562 697 damnatus
586 662 648 698 est
668 660 711 699 in
733 666 848 704 sexto
871 666 1097 708 universali
1127 673 1323 727 concilio,
1351 676 1453 718 item
1475 678 1679 722 Constan-

126 715 301 772 tinopoli
330 728 575 778 congregato
612 730 866 783 temporibus
902 747 1034 788 papae
1069 736 1298 791 Agathonis
1339 748 1380 785 et
1418 745 1679 791 Constantini

123 783 397 840 imperatoris·

208 853 395 911 Septima
415 862 596 914 synodus
619 866 728 921 apud
748 867 960 924 Nicaeam,
982 873 1053 914 ubi
1075 878 1116 915 et
1130 876 1278 931 prima,
1303 880 1473 925 collecta
1491 891 1553 927 est
1569 891 1674 929 tem-

119 923 290 976 poribus
312 926 484 970 Adriani
504 945 637 987 papae
660 939 701 975 et
720 936 866 979 Irenae
888 940 1166 996 imperatricis
1189 946 1344 1002 filiique
1364 953 1450 993 eius
1470 953 1672 998 Constan-

118 989 212 1045 tini,
235 992 362 1048 ¹quae
386 996 601 1041 damnavit
620 1002 824 1048 haeresim
847 997 1089 1053 sanctorum
1109 1014 1312 1068 imagines
1333 1020 1447 1061 velut
1467 1023 1577 1065 idola
1599 1026 1670 1067 de-

116 1061 343 1105 testantem
365 1069 405 1106 et
427 1068 769 1127 confi-ingentem,
791 1077 917 1117 nimis
941 1079 1238 1125 adtendentem
1261 1088 1369 1140 quod
1385 1089 1429 1130 in
1446 1090 1534 1145 lege
1553 1095 1669 1136 simi-

115 1126 313 1173 litudines
335 1134 568 1188 prohibitae
591 1139 689 1194 sint,
712 1146 752 1182 et
775 1157 795 1184 e
817 1146 992 1200 vestigio
1014 1150 1289 1204 negligentem
1320 1158 1429 1211 quod
1450 1161 1493 1201 in
1514 1164 1667 1219 templo

115 1195 272 1240 domini
291 1198 541 1248 ‘2Cherubim
563 1221 657 1250 cum
686 1209 814 1254 bobus
845 1218 885 1255 et
912 1215 1103 1260 leonibus
1133 1220 1298 1265 divinae
1326 1228 1554 1283 sapientiae
1576 1247 1665 1274 ma-

112 1264 281 1318 gisterio
302 1269 467 1324 figurati
487 1279 595 1317 sunt.

196 1335 353 1380 Octava
382 1343 563 1395 synodus
595 1348 843 1392 universalis
883 1352 984 1394 item
1021 1355 1379 1418 Constantinopoli
1417 1375 1664 1425 congregata

111 1406 187 1458 est,
208 1409 452 1451 auctoritate
473 1411 634 1455 Nicolai
654 1416 684 1457 I.
708 1432 854 1473 papae,
876 1423 1138 1479 principante
1163 1429 1329 1474 Graecis
1351 1433 1505 1479 Basilio
1528 1441 1659 1496 impe-

108 1475 256 1528 ratore,
279 1489 384 1530 quae
407 1478 619 1524 damnavit
648 1483 854 1530 haeresim
882 1491 1018 1534 subito
1047 1508 1097 1535 ex
1117 1495 1236 1540 laicis
1258 1504 1299 1541 et
1318 1515 1393 1557 per
1413 1504 1539 1549 laicos
1561 1524 1657 1564 pro-

105 1547 322 1586 moventes
344 1549 571 1605 episcopos.

190 1611 462 1670 Temporibus
490 1621 591 1662 noni
620 1621 770 1666 Leonis
797 1640 929 1682 papae
959 1635 1000 1671 et
1029 1632 1291 1679 Constantini
1319 1645 1442 1696 atque
1471 1645 1656 1690 Heinrici

101 1679 398 1735 imperatorum
421 1686 524 1729 duae
546 1689 739 1743 haereses
763 1704 1022 1740 emerserunt
1044 1701 1092 1742 de
1116 1718 1285 1761 corpore
1308 1709 1485 1766 domini,
1509 1729 1590 1757 una
1610 1719 1653 1759 in

103 1748 288 1805 Graecia,
311 1766 415 1808 quae
434 1756 493 1798 sie
511 1758 807 1804 fermentatum
822 1779 975 1819 panem
993 1774 1270 1829 commendat,
1292 1783 1337 1818 ut
1352 1794 1543 1835 azymum
1561 1800 1650 1827 ces-

101 1830 190 1859 sare
211 1829 469 1874 praesumat:
499 1826 629 1869 altera
649 1831 693 1871 in
718 1832 870 1887 Gallia,
899 1849 1001 1890 quae
1023 1840 1196 1893 figuram
1217 1849 1381 1889 tantum
1400 1842 1649 1905 praedicans

97 1889 316 1932 veritatem
337 1896 520 1948 corporis
543 1901 583 1937 et
600 1899 813 1952 sanguinis
832 1902 987 1946 domini
1004 1911 1170 1962 penitus
1187 1913 1375 1969 abnegat.
1411 1920 1567 1964 Graeca
1585 1924 1646 1965 di-

97 1956 203 1998 citur
222 1957 252 1999 F
256 1965 626 2019 ermentaceorum,
650 1968 805 2011 Gallica
826 1970 1242 2028 Berengarianorum.
1277 1985 1429 2029 Contra
1448 1989 1644 2034 Fermen-

95 2026 234 2068 taceos
256 2029 481 2084 scripserat
500 2032 734 2078 Friderieus
765 2038 1079 2094 lapocrisiarius
1100 2047 1250 2093 Leonis
1277 2068 1431 2111 papae,
1458 2065 1643 2113 postmo-

95 2091 194 2135 dum
224 2099 264 2135 et
290 2098 379 2152 ipse
406 2113 516 2155 papa
540 2108 698 2146 mutato
727 2105 770 2146 in
792 2108 1050 2164 Stephanum
1077 2120 1267 2175 nomine,
1296 2127 1337 2164 et
1364 2123 1642 2173 2Humbertus

93 2163 312 2218 episcopus
335 2171 501 2210 sanctae
519 2170 691 2213 Rufinac
702 2190 711 2224 ;
745 2181 887 2219 contra
902 2179 1198 2237 Berengarium
1214 2203 1324 2245 vero,
1346 2207 1370 2233 a
1387 2208 1465 2249 quo
1483 2197 1639 2241 Beren-
1664 2223 1668 2226 ·

91 2232 263 2286 gariani,
285 2232 565 2280 3Lansrancus
585 2240 827 2299 Anglorum,
850 2250 891 2288 et
913 2248 1171 2296 Christianus
1192 2261 1379 2312 pontifex
1394 2264 1637 2319 Apulorum.

172 2299 294 2356 Ecce,
314 2306 494 2360 praesul,
516 2306 644 2351 habes
668 2312 897 2368 catalogum
917 2317 1240 2381 haereticorum,
1270 2343 1392 2383 quem
1414 2333 1489 2375 tibi
1511 2337 1636 2379 colle-

88 2367 147 2420 git
164 2368 317 2413 Paulus
338 2372 536 2418 minimus
560 2378 866 2428 catholicorum.

176 2493 256 2540 Cap.
273 2495 364 2531 LIX.
383 2519 426 2524 —
453 2499 480 2534 1.
499 2501 649 2537 universi
667 2507 762 2540 codd.
833 2508 862 2542 2.
881 2512 1055 2549 machario
1072 2518 1266 2562 patriarcha
1282 2523 1461 2560 antioceno
1481 2530 1574 2563 codd.

175 2539 256 2586 Cap.
274 2541 348 2576 LX.
366 2565 409 2569 —
438 2545 464 2579 1.
485 2547 543 2590 qui
561 2551 656 2584 codd.
729 2552 758 2585 2.
777 2552 939 2591 cherubin
959 2562 1053 2594 vodd.

174 2585 254 2632 Cap.
271 2587 376 2623 LXII.
395 2611 438 2616 —
465 2592 492 2626 1.
511 2593 749 2637 apochl‘isiaris
775 2602 846 2634 cod.
864 2603 968 2639 17:52.
1002 2606 1100 2640 Haec·
1125 2611 1237 2643 eudem
1252 2615 1331 2655 scre
1348 2617 1451 2649 rerba
1475 2619 1629 2661 leyzmtm'

82 2631 117 2661 in
134 2631 306 2675 Anonymo
322 2635 513 2669 mellicensi
530 2639 581 2671 De
593 2640 732 2685 δἐι-ῥυῇ.
750 2644 846 2681 Eccl.
861 2660 935 2692 cap.
950 2652 1006 2684 81].
1028 2652 1235 2694 „Friderieus
1250 2660 1489 2702 apocrisiarius
1503 2664 1626 2700 Leonis

81 2673 141 2708 IX.
165 2687 291 2722 papae,
313 2683 533 2725 postmodum
551 2689 584 2717 et
601 2686 674 2731 ipse
690 2694 828 2734 propter
845 2692 996 2739 (proprio
1016 2702 1203 2733 emmim-it
1221 2702 1350 2740 Pesz'as:
1375 2709 1435 2740 secl
1449 2714 1623 2745 secundum

80 2720 184 2754 Pauci
198 2725 301 2758 verba
318 2729 565 2762 rescribemlum
584 2735 648 2764 erit
658 2736 771 2776 potius
787 2748 831 2780 pa
858 2744 891 2782 a)
909 2745 1040 2774 mutato
1058 2744 1092 2776 in
1111 2744 1323 2789 Stephanum
1341 2753 1488 2796 nomine,
1506 2758 1626 2791 scribit

79 2765 252 2812 insignem
276 2774 459 2807 tractatum
491 2780 608 2809 contra-
632 2776 799 2814 haeresim
826 2749 1179 2824 §minentur-eorum.”
1256 2795 1285 2827 2.
1311 2797 1471 2841 Auunqm.
1497 2801 1622 2836 Melae.

80 2824 155 2856 cap.
173 2813 230 2847 87.
249 2816 478 2857 „Humbertus
494 2826 633 2855 sanetae
650 2823 793 2860 Rufinae
810 2830 989 2876 episcopus
1013 2835 1095 2876 fuit,
1120 2837 1177 2880 qui
1201 2844 1319 2874 contra
1336 2841 1501 2879 haeresim
1527 2859 1623 2892 prae-

78 2861 233 2893 notatam
254 2863 388 2907 scriptis
419 2867 556 2911 copiose
579 2868 772 2906 disseruit.''
841 2876 870 2908 3.
891 2880 940 2921 (JL
975 2880 1136 2923 Anonym.
1154 2883 1279 2919 Mellic.
1299 2901 1373 2932 cap.
1392 2890 1447 2925 89.
1520 2894 1550 2926 4.
1571 2894 1621 2938 Cf.

78 2903 240 2949 Anonym.
257 2907 384 2943 Allellie.
403 2924 478 2956 cap.
497 2913 555 2946 90.

1702 896 1767 930 Cap.
1787 898 1843 924 XL.

1689 1378 1754 1413 Cap.
1774 1381 1845 1408 xm.

1682 1654 1749 1689 Cap.
1769 1658 1855 1684 XLII.
