2052 3374
714 223 765 249 DE
784 222 1020 249 HAERESIBUS
1039 222 1161 248 LIBER.

1663 221 1716 262 77

163 336 233 371 tur
259 342 411 385 corpus
438 329 637 381 ani-male,
665 330 802 384 surgit
822 343 973 384 corpus
1000 327 1211 384 spiritale:
1231 328 1482 368 seminaturr
1501 327 1548 367 in
1569 339 1717 367 corru—

154 399 320 454 ptione,
347 398 485 454 suryit
503 398 548 438 in
567 399 896 453 incorruptione.
935 397 986 439 Et
1006 399 1096 453 ipse
1117 398 1269 438 iterum
1290 394 1545 451 apostolussz
1573 394 1716 450 Expe-

163 468 288 509 ctatio
309 467 417 508 enim
447 473 666 508 creaturae
692 467 982 508 revelationem
997 467 1190 520 filiorum
1217 466 1286 506 clei
1305 472 1512 520 eaepcctat:
1538 465 1721 505 vanitati

163 536 271 577 eni-m
292 542 489 577 creatura
510 534 679 577 subdita
700 542 759 576 est
776 549 860 576 non
880 535 1032 588 volens,
1054 535 1127 575 secl
1138 541 1317 590 propter
1337 548 1429 575 eum
1451 534 1526 589 qui
1543 531 1719 574 subiecit

164 604 244 646 ”in
256 618 327 660 spe
341 604 516 656 futurae
533 605 696 660 9loriae
717 602 748 628 12
758 604 987 659 cligtnitatiS.
1021 603 1202 658 Propter
1215 603 1328 658 quod
1345 604 1486 658 etipsa
1507 608 1717 654 creatura,

162 674 314 727 inquit,
347 672 596 714 liberabitur
617 689 643 713 a
664 673 858 714 servitute
897 673 1179 727 corruptionis
1216 673 1262 712 in
1293 670 1523 713 libertatem
1556 672 1718 727 {floriac

163 742 346 788 filiorum
367 742 453 783 clei.-
475 741 699 783 ostendens
721 741 751 766 13
761 742 898 795 itaque
921 755 945 781 a
961 740 1092 794 gloria
1112 740 1164 780 ad
1181 740 1354 793 gloriam
1371 754 1616 795 processura
1633 739 1717 780 ele-

162 814 322 864 menta,
348 810 392 851 id
419 814 483 852 est
510 810 697 852 homines
721 823 816 851 cum
841 809 919 850 hae
947 811 1040 864 ipsa
1064 808 1223 850 visibili
1251 813 1458 862 creatura,
1495 823 1589 850 cum
1618 809 1720 850 dicit

164 879 398 921 dominus‘:
423 878 498 921 Sol
516 887 615 921 tunc
635 879 952 934 septempliciter
974 877 1137 919 lucebit.
1180 877 1460 918 Transeuntia
1481 892 1575 931 ergo
1598 882 1720 919 erunt

164 948 390 990 elementa¹²
411 947 464 989 ad
483 949 684 990 maiorem
710 948 795 988 iam
821 947 1014 1001 gloriam,
1042 949 1167 1001 inque
1197 960 1246 987 ea
1273 946 1598 1001 uper-manenda
1626 961 1719 988 oum

163 1017 417 1071 hominibus,
440 1018 629 1072 quamvis
653 1020 694 1057 et
714 1016 767 1057 ad
787 1015 966 1058 nihilum
986 1017 1121 1072 possit
1142 1015 1346 1057 adducere
1370 1017 1440 1070 qui
1461 1016 1559 1057 fecit
1582 1018 1721 1058 omnia

165 1085 370 1128 dominus.
422 1085 505 1127 Sed
536 1087 580 1127 in
609 1086 687 1127 hoe
719 1089 783 1126 est
812 1086 1001 1126 eminens
1034 1085 1189 1126 Christi
1217 1086 1416 1126 maiestas
1448 1088 1489 1125 et
1519 1087 1720 1140 potentia,

166 1155 276 1211 quod
297 1154 350 1196 ad
369 1154 543 1209 gloriam
564 1154 709 1196 eadem
729 1156 928 1196 maiorem
945 1153 1152 1196 elementa
1167 1156 1344 1195 transire
1363 1155 1581 1209 permittit.
1613 1154 1720 1195 Nam

165 1228 207 1266 et
227 1223 438 1280 apostolus
460 1223 669 1265 elementa
694 1224 796 1266 haec
826 1223 1082 1278 liquescereX
1110 1227 1152 1265 et
1173 1223 1226 1265 ad
1246 1223 1424 1264 nihilum
1446 1224 1588 1265 venire
1611 1236 1718 1264 nun-

163 1294 241 1335 tiat
262 1294 417 1349 pariter
438 1297 480 1334 et
499 1293 732 1349 prophetat.

249 1362 608 1405 ¹Excaloeatorum
629 1367 693 1403 est
711 1361 921 1403 haeresisa
942 1375 1046 1416 quae
1068 1361 1325 1404 excalceatos
1338 1361 1551 1403 ambulare
1570 1361 1720 1404 debere

164 1430 353 1473 homines
374 1431 544 1485 adserit,
564 1430 700 1486 2quod
721 1430 797 1472 sub
818 1431 930 1472 Mose
940 1431 971 1483 ¹³,
992 1432 1199 1485 inquiunt,
1222 1431 1380 1472 dictum
1396 1435 1473 1485 est,
1496 1430 1617 1473 Solve
1634 1432 1720 1473 cal-

167 1507 377 1543 ceamenta
396 1507 490 1554 tua,
513 1504 554 1541 et
575 1499 686 1554 quod
705 1500 899 1541 3Esaias⁰
919 1501 977 1540 ita
998 1499 1274 1541 ambulaverit
1294 1500 1428 1541 tribus
1450 1502 1590 1542 annis:
1615 1515 1719 1556 quae

164 1571 296 1623 magis
316 1568 521 1610 4humana
541 1583 589 1611 ac
610 1582 741 1610 vanae
764 1570 1074 1624 superstitionis
1096 1573 1194 1610 sunt
1204 1568 1234 1622 ‘¹7
1257 1583 1341 1611 non
1362 1568 1600 1611 traditionis
1622 1584 1718 1611 san-

165 1641 325 1680 ctorum
346 1652 392 1680 ae
416 1637 575 1680 domini
595 1639 727 1680 nostri
748 1638 843 1679 Iesu
866 1637 1019 1679 Christi
1040 1639 1239 1680 iussionis
1268 1642 1309 1679 et
1335 1639 1500 1694 imperii
1522 1638 1535 1663 5
1549 1639 1719 1693 eiusque

164 1708 396 1763 potestatis.

249 1775 470 1818 Novatiani
499 1779 768 1817 surrexerunt
794 1779 889 1831 post
914 1777 1250 1832 persecutionem
1277 1780 1556 1831 postremama
1584 1791 1608 1818 a
1634 1776 1718 1819 No-

258 1912 309 1947 ll.
335 1923 413 1946 eam
429 1912 465 1945 in
483 1912 581 1957 (Ast).
656 1912 706 1945 1‘2.
730 1916 763 1946 et
780 1912 956 1957 dignitatis
975 1914 1045 1956 (A)
1056 1913 1084 1946 b.

163 1968 367 2003 processura
383 1958 428 1992 A.
502 1958 553 1991 14.
570 1969 798 2003 permansura
815 1960 843 1991 h.

254 2003 336 2049 Cap.
360 2003 522 2037 LXXXI.
541 2006 574 2036 in
594 2004 702 2036 Babc.
726 2006 923 2049 inscriptzmi
942 2011 991 2037 est
1011 2004 1252 2039 EchLCEATI.
1279 2027 1323 2030 —
1349 2006 1378 2039 1.
1402 2006 1479 2040 Alia
1501 2010 1553 2039 est
1568 2005 1720 2040 haeresis

164 2061 252 2095 quae
269 2050 314 2083 A.
385 2049 415 2082 2.
434 2049 525 2094 quod
542 2050 633 2083 Mosi
649 2049 761 2094 inquit
779 2050 822 2083 A.
893 2051 924 2084 3.
941 2050 1061 2084 Esaias
1078 2051 1199 2085 beatus
1218 2053 1262 2085 A.
1280 2051 1388 2086 Isaias
1407 2052 1435 2086 h.
1498 2053 1530 2085 4.
1548 2051 1720 2087 humanae

164 2096 274 2139 (ΑΜ).
343 2095 375 2129 5.
394 2095 468 2129 eius
486 2106 524 2128 ac
542 2096 723 2140 potestatis
742 2096 785 2129 A.

254 2141 336 2187 Cap.
353 2140 532 2176 LXXXII.
549 2144 585 2174 in
603 2141 711 2175 Βεὼρ.
734 2144 933 2187 ‘inscriptum
956 2149 1006 2176 est
1019 2142 1228 2178 NOVATIASI.
1246 2163 1290 2167 —

1169 1913 1219 1947 13.
1242 1913 1358 1958 itaque
1375 1913 1487 1959 gloria
1510 1913 1551 1947 ad
1569 1914 1720 1948 filiorum

165 2267 250 2301 ρεται
263 2256 361 2300 σῶμα
375 2254 524 2301 *luyz-iou,
539 2254 690 2301 ἐγείρεται
705 2256 802 2302 σῶμα
816 2268 907 2289 πνευ-

164 2301 331 2347 ματικόν.”
378 2297 454 2344 (F.)

207 2358 233 2381 r.
259 2347 462 2390 seminatur]
484 2347 531 2381 Id.
549 2359 580 2381 v.
596 2347 650 2381 42.
678 2347 858 2393 „maipa-„012
875 2347 905 2382 ἐν

164 2393 280 2438 φθορᾷ,
299 2391 451 2438 ἐγείρεται
468 2391 498 2426 ἐν
517 2392 709 2438 &ssavia-tf
758 2394 832 2436 (F.)

209 2450 235 2472 s.
259 2439 333 2483 ipse
348 2439 473 2473 iterum
487 2440 679 2497 apostolus]
704 2439 802 2473 Rom.
819 2439 903 2474 vm.

165 2484 216 2518 19.
234 2495 317 2530 seq.,
333 2485 394 2518 ubi
410 2488 489 2530 post
510 2485 558 2518 επ’
576 2483 681 2517 ἐλπίδι
702 2484 903 2520 Philastrius

164 2529 204 2563 de
222 2541 285 2564 suo
303 2531 477 2576 supplevit
493 2531 597 2565 verba
610 2533 754 2575 suturae
768 2533 901 2575 ylorz'ae

164 2577 352 2620 dz'qnitatia
400 2576 476 2619 (F.)

208 2625 232 2655 t.
257 2632 336 2655 cum
352 2621 435 2655 dicit
449 2622 624 2665 dominus]
650 2621 707 2655 Es.
721 2621 838 2656 XXX.
849 2623 902 2657 26.

167 2666 222 2709 ,τὸ
242 2668 310 2712 φῶς
332 2670 390 2700 τοῦ
407 2667 500 2710 ἡλίου
526 2666 614 2700 ἔσται
637 2665 855 2701 ἓπταπλὰσιον
873 2668 903 2702 ἐν

163 2714 202 2758 τῆ
217 2711 354 2758 {redes-'³
413 2713 486 2756 (Ε)

208 2769 242 2793 u.
267 2759 449 2802 elementa]
475 2759 546 2801 Sol,
569 2759 652 2792 luna
668 2763 702 2792 et
718 2760 847 2802 stellae,
869 2766 907 2795 ut

163 2814 268 2849 supra
284 2815 312 2838 c.
330 2803 383 2838 61.
399 2816 431 2850 p.
453 2805 524 2838 122.
566 2805 638 2846 (F.)

208 2861 244 2883 x.
268 2849 471 2895 liquescere]
498 2852 528 2884 2.
546 2850 706 2884 Petr.111.
730 2851 779 2884 10.
800 2863 906 2893 „0³02-

164 2896 239 2940 χεῖα
261 2896 448 2941 καυσόμενα
476 2895 686 2939 λυθήσονται,
715 2896 767 2928 καὶ
789 2899 830 2941 γῆ
854 2898 906 2930 καὶ

164 2939 204 2973 τὰ
227 2938 259 2974 ἐν
283 2940 364 2985 αὐτῇ
395 2939 476 2986 ἔργα
500 2941 769 2983 κατακαήσεται.”
794 2946 828 2975 et
854 2943 902 2976 12.

168 2985 318 3031 „oi'apowol
333 2987 528 3032 πυρούμενοι
540 2987 733 3029 λυθήσονται
750 2987 802 3020 καὶ
819 3000 904 3021 στοι-

165 3033 239 3076 χεῖα
255 3033 440 3077 καυσόμενα
455 3033 659 3075 τακήσεταε.”
707 3033 779 3074 (F.)

211 3076 291 3122 Cap.
307 3077 525 3115 LXXXL-
558 3090 587 3113 a.
619 3078 903 3116 Excalceatorum

977 2261 1030 2291 est
1045 2257 1214 2301 haeresis]
1253 2258 1500 2303 Gymnopodas
1528 2263 1629 2293 vocat
1651 2261 1719 2294 Au-

976 2307 1049 2338 ctor
1070 2304 1319 2337 Praedestinati
1335 2308 1369 2337 et
1384 2305 1601 2350 Augustinus
1620 2317 1647 2341 e.
1667 2306 1719 2339 68.

973 2349 1148 2383 Philastrii
1163 2350 1327 2383 insistens
1348 2351 1522 2395 vestigiis,
1543 2351 1644 2385 nudis
1662 2363 1719 2396 pe-

974 2395 1074 2429 dibus
1107 2407 1241 2441 semper
1273 2396 1503 2430 ambulantes.
1540 2397 1718 2431 Prateolus

973 2441 1182 2486 Nudipedes.
1223 2441 1296 2484 (F.)

1018 2487 1050 2520 b.
1076 2488 1140 2521 sub
1157 2488 1271 2530 Mose]
1306 2487 1416 2521 Exod.
1438 2487 1544 2523 111.5.
1569 2489 1652 2522 deus
1677 2489 1716 2521 ad

969 2533 1133 2577 Moysen:
1165 2532 1281 2575 „Motu
1297 2532 1334 2565 τὸ
1353 2532 1508 2579 ὑπόδημα
1525 2532 1559 2567 ἐκ
1577 2536 1641 2567 τῶν
1659 2547 1718 2566 πο-

973 2578 1038 2610 δῶν
1057 2578 1148 2611 σου,”
1198 2579 1270 2621 (F.)

1018 2635 1046 2658 e.
1060 2624 1197 2668 Esaias]
1220 2624 1277 2659 Es.
1291 2624 1372 2658 XX.
1390 2624 1433 2666 3.,
1449 2625 1486 2658 in
1499 2626 1639 2670 signum
1655 2626 1717 2658 im—

972 2670 1136 2704 minentis
1167 2671 1419 2715 Aegyptiorum
1451 2675 1486 2704 et
1512 2671 1718 2716 Aethiopum

975 2716 1071 2760 genti
1087 2716 1294 2761 captivitatis
1313 2716 1356 2749 ab
1372 2717 1536 2761 Assyriis.
1584 2717 1657 2758 (F.)

1022 2761 1052 2795 d.
1078 2761 1229 2795 humana
1250 2772 1289 2795 ac
1311 2772 1421 2795 vanae
1448 2762 1716 2807 superstitionis]

976 2806 1054 2840 Non
1070 2807 1107 2841 in
1121 2807 1235 2849 Esaia,
1252 2808 1312 2852 qui
1328 2807 1383 2841 dei
1395 2808 1491 2841 iussu
1503 2808 1566 2841 hoc
1580 2808 1717 2849 fecerat,

975 2853 1035 2886 sed
1062 2853 1099 2886 iu
1125 2852 1179 2886 his
1208 2854 1266 2898 qui
1288 2854 1405 2887 nescio
1434 2864 1538 2898 quam
1564 2853 1719 2898 religiosi

975 2898 1088 2931 cultus
1104 2902 1239 2944 partem
1261 2899 1297 2932 in
1319 2899 1559 2944 superstitiosa
1582 2899 1641 2932 illa
1661 2909 1716 2932 ae-

973 2944 1161 2978 mulatione
1178 2944 1403 2978 collocabant.
1451 2944 1524 2986 (F.)

1019 2989 1100 3034 Cap.
1119 2989 1297 3024 LXXXII.
1322 3010 1366 3014 —
1404 3000 1433 3022 a.
1457 2994 1536 3034 post
1558 3000 1715 3035 persecu-

972 3035 1102 3069 tionem
1117 3038 1342 3080 postremam]
1366 3035 1545 3069 Postrema
1558 3047 1716 3082 persecu-

973 3081 1019 3116 tio
1037 3081 1108 3116 sive
1125 3081 1258 3117 decima
1275 3082 1339 3116 sub
1356 3081 1570 3118 Diocletiano
1593 3087 1629 3118 et
1641 3083 1714 3120 Ma-

1746 1377 1812 1411 Cap.
1831 1377 1954 1404 LXXXI.

1745 1792 1812 1826 Cap.
1830 1791 1968 1818 Lxxxn.
