2052 3342
387 211 468 252 304
940 210 1109 236 ISIDORUS
1128 211 1366 236 fflsPALENsls

475 312 536 352 10.
569 311 971 367 Hemerobaptistae,
999 327 1046 355 eo
1069 314 1177 368 quod
1199 314 1378 368 quotidie
1401 315 1648 356 vestimenta
1668 327 1742 355 sua
1762 317 1804 355 et
1826 326 1915 356 cor-

387 394 485 434 pora
504 379 652 421 lavent.

711 555 796 582 CAP.
819 555 869 581 VI·
915 555 969 582 DE
989 555 1236 583 HAERESIBUS
1258 555 1588 584 CHRISTIANORUM.

472 654 506 693 1.
540 653 713 703 Quidam
735 655 859 695 etiam
879 653 1075 696 haeretici
1097 657 1165 709 qui
1194 655 1243 696 de
1275 655 1449 697 ecclesia
1474 658 1735 697 recesserunt
1763 668 1813 696 ex
1841 668 1914 696 no-

385 721 494 761 mine
517 726 728 763 auctorum
750 736 915 764 suorum
936 728 1240 778 nuncupantur,
1263 724 1430 778 quidam
1450 737 1545 766 vero
1575 737 1624 764 ex
1652 722 1786 765 causis
1815 736 1915 777 quas

387 788 584 842 eligentes
605 790 886 832 instituerunt.

468 857 504 897 2.
545 857 773 900 Simoniani
802 859 902 900 dicti
931 874 955 901 a
983 859 1149 902 Simone
1176 862 1359 914 magicae
1391 859 1634 916 disciplinae
1663 861 1815 915 perIto,
1850 860 1917 901 cui

382 924 528 967 Petrus
550 927 591 967 in
613 927 787 969 Actibus
808 928 1097 983 Apostolorum
1116 929 1349 981 maledixit,
1380 943 1450 983 pro
1481 942 1527 970 eo
1549 928 1657 983 quod
1677 928 1728 969 ab
1750 931 1914 983 aposto-

383 993 433 1034 lis
462 994 630 1049 spiritus
664 998 795 1037 sancti
831 997 1005 1050 gratiam
1039 999 1214 1052 pecunia
1249 1011 1382 1038 emere
1413 997 1643 1038 1voluisset.
1692 996 1746 1038 Hi
1774 995 1916 1038 dicunt

383 1067 612 1104 ereaturam
633 1078 714 1105 non
736 1079 759 1105 a
780 1064 868 1117 deo,
897 1066 968 1106 sed
989 1080 1012 1105 a
1032 1066 1182 1107 w'rtute
1205 1066 1380 1120 quadam
1402 1079 1580 1120 superna
1601 1068 1792 1106 creatam.

465 1132 502 1173 3.
534 1132 820 1174 Menandriani
842 1147 866 1174 a
885 1134 1110 1175 Menandro
1131 1148 1271 1188 mago,
1301 1133 1502 1188 discipulo
1525 1132 1726 1185 Simonis,
1753 1146 1912 1174 nuncu-

382 1201 481 1255 pati,
504 1200 572 1255 qui
593 1201 793 1242 mundum
814 1215 895 1243 non
917 1216 940 1242 a
961 1201 1051 1255 deo,
1072 1201 1171 1244 2sed
1192 1203 1242 1244 ab
1265 1201 1420 1256 angelis
1441 1202 1595 1243 sactum
1616 1202 1774 1242 asserit.

464 1269 501 1308 4.
533 1269 777 1311 Basilidiani
803 1284 827 1310 a
846 1270 1026 1311 Basilide
1054 1270 1268 1326 appellati,
1296 1270 1366 1325 qui
1386 1269 1494 1311 inter
1515 1269 1694 1324 reliquas
1716 1268 1908 1325 blasphe-

380 1337 483 1378 mias
504 1352 673 1392 passum
693 1339 709 1379 Ι
715 1352 829 1380 esum
849 1343 1012 1393 negant.

464 1405 501 1446 5.
532 1406 759 1448 Nicolaitae
789 1407 889 1448 dicti
916 1422 940 1448 a
959 1406 1149 1460 Nicolao,
1179 1407 1350 1449 diacono
1381 1406 1578 1449 ecclesiae
1604 1405 1909 1461 Hierosolymo—

381 1488 491 1527 rum,
521 1477 590 1528 qui
611 1489 705 1516 cum
725 1475 934 1531 Stephano
958 1480 998 1516 et
1019 1477 1165 1517 ceteris
1187 1477 1437 1518 constitutus
1460 1479 1522 1517 est
1541 1489 1565 1516 a
1584 1475 1704 1516 Petro
1726 1474 1797 1530 qui
1814 1489 1910 1531 pro-

378 1546 469 1597 pter
499 1544 851 1598 pulchritudinem
879 1544 1116 1599 relinquens
1147 1558 1317 1586 uxorem
1348 1544 1507 1585 dixerat
1535 1547 1582 1584 ut
1611 1543 1679 1597 qui
1709 1543 1835 1584 vellet
1864 1557 1912 1584 ea

379 1615 582 1652 uteretur:
604 1626 723 1654 versa
745 1616 807 1654 est
826 1612 869 1653 in
892 1617 1080 1668 stuprum
1100 1613 1194 1654 talis
1217 1613 1482 1665 consuetudo,
1502 1616 1548 1653 ut
1567 1612 1746 1653 invicem
1767 1611 1908 1654 coniu-

377 1681 443 1733 gia
465 1685 825 1722 commutarentur.
858 1681 966 1731 Quos
987 1682 1160 1723 Ioannes
1182 1683 1224 1722 in
1245 1681 1496 1736 Apocalypsi
1516 1679 1723 1736 improbat
1752 1679 1909 1734 dicens,

377 1747 483 1790 ³Sed
503 1749 579 1791 hoc
601 1749 742 1803 habes,
764 1749 872 1804 quod
893 1749 1018 1790 odisti
1037 1750 1146 1790 sacta
1165 1750 1472 1791 Nicolaitarum.

462 1818 500 1858 6.
533 1817 717 1859 Gnostici
737 1822 904 1873 propter
924 1817 1211 1860 excellentiam
1232 1819 1428 1859 scientiae
1456 1818 1516 1858 ita
1542 1830 1586 1858 se
1615 1815 1815 1872 appellari
1834 1830 1906 1859 vo-

376 1884 551 1927 luerunt.
582 1887 776 1927 Animam
797 1890 986 1927 naturam
1007 1886 1073 1928 dei
1095 1900 1184 1928 esse
1208 1886 1364 1940 dicunt,
1386 1886 1540 1928 bonum
1561 1889 1602 1926 et
1616 1885 1770 1927 malum
1786 1884 1909 1927 deum

377 1953 461 1995 suis
483 1953 742 2007 dogmatibus
764 1954 935 2008 fingunt.

460 2023 496 2062 7.
529 2022 835 2078 Carpocratiani
856 2037 880 2063 a
901 2023 1143 2079 Carpocrate
1161 2023 1336 2078 quodam
1354 2027 1566 2076 vocantur,
1588 2026 1656 2077 qui
1674 2021 1778 2064 dixit
1789 2021 1905 2064 Chri-

375 2094 485 2131 stum
504 2090 714 2132 hominem
733 2091 859 2132 fuisse
880 2095 1055 2145 tantum,
1076 2096 1117 2132 et
1138 2092 1188 2133 de
1208 2096 1380 2146 utroque
1403 2105 1503 2133 sexu
1522 2092 1793 2146 progenitum.

458 2158 495 2199 8.
528 2159 781 2200 Cerinthiani
801 2174 825 2200 a
845 2160 1038 2201 Cerintho
1068 2160 1245 2214 quodam
1270 2161 1509 2215 nuncupati.
1558 2159 1613 2200 Hi
1643 2159 1751 2200 inter
1772 2163 1906 2201 cetera

375 2226 733 2269 circumcisionem
754 2227 988 2281 observant,
1007 2227 1121 2269 mille
1143 2242 1273 2270 annos
1293 2232 1389 2283 post
1406 2227 1750 2269 resurrectionem
1769 2229 1813 2269 in
1831 2241 1903 2269 vo-

372 2296 529 2351 luptate
553 2296 686 2338 carnis
706 2296 865 2337 futuros
885 2296 1137 2350 praedicant.
1180 2297 1298 2339 Unde
1320 2301 1361 2337 et
1383 2297 1536 2338 Graece
1558 2295 1801 2350 chiliastae,
1826 2296 1903 2340 La-

371 2365 456 2406 tine
477 2364 718 2406 4Milliastae
741 2368 837 2405 sunt
858 2364 1064 2419 appellati.

455 2433 493 2474 9.
523 2433 696 2474 Nazarei
717 2432 816 2474 dicti
838 2434 908 2486 qui
929 2432 1027 2473 dum
1043 2433 1266 2487 Christum,
1288 2434 1357 2487 qui
1378 2447 1402 2473 a
1417 2434 1506 2474 vico
1523 2430 1729 2474 Nazareus
1751 2436 1815 2474 est
1829 2445 1901 2488 ap-

370 2501 560 2556 pellatus,
569 2501 700 2542 filium
708 2500 774 2542 dei
783 2501 1069 2553 confiteantur,
1081 2503 1218 2542 omnia
1228 2506 1370 2542 tamen
1378 2502 1529 2542 veteris
1538 2500 1640 2554 legis
1653 2499 1902 2542 custodiunt.

456 2570 519 2611 10.
553 2569 726 2624 Ophitae
761 2583 785 2610 a
820 2569 985 2610 colubro
1014 2571 1216 2610 nominati
1244 2573 1352 2610 sunt.
1403 2569 1579 2610 Coluber
1608 2569 1719 2609 enim
1749 2568 1900 2610 Graece

370 2637 455 2694 ὄφις
475 2637 637 2679 dicitur.
670 2637 818 2679 Colunt
839 2639 949 2678 enim
970 2642 1217 2692 serpentem,
1239 2638 1423 2680 dicentes
1445 2639 1581 2690 ipsum
1600 2638 1644 2678 in
1663 2635 1900 2692 paradisum

368 2706 581 2748 induxisse
602 2707 765 2747 virtutis
788 2706 1075 2759 cognitionem.

455 2775 518 2815 11.
547 2774 829 2825 Valentiniani
859 2788 883 2814 a.
908 2773 1128 2815 Valentino
1159 2774 1334 2828 quodam
1361 2773 1572 2815 Platonico
1599 2774 1799 2813 sectatore
1825 2784 1897 2812 vo-

369 2844 464 2896 cati,
487 2843 556 2897 qui
577 2842 748 2895 Αἰῶνας,
776 2841 819 2883 id
840 2846 903 2883 est
923 2841 1062 2884 secula
1083 2842 1304 2896 quaedam,
1330 2843 1374 2883 in
1395 2841 1595 2896 originem
1616 2839 1681 2880 dei
1703 2839 1897 2880 creatoris

437 2966 465 3000 1.
493 2966 572 3001 Cod.
591 2965 724 3000 Lucan.
742 2966 842 2999 addit
853 2965 916 3000 Hic
933 2966 969 3000 in
983 2970 1136 3011 tempore
1147 2965 1292 3001 Neronis
1308 2965 1384 3007 fuit,
1401 2969 1435 2999 et
1450 2965 1485 2998 in
1497 2962 1614 2998 XXIII
1627 2972 1716 2995 anno
1732 2965 1812 3006 post
1823 2973 1896 2996 cru-

367 3021 441 3044 cem
466 3010 592 3045 Christi
614 3015 770 3046 mortuus
795 3014 857 3045 est.
949 3011 980 3045 2.
1005 3011 1085 3046 C'od.
1108 3011 1233 3047 Pistor.
1258 3012 1318 3047 sed
1346 3012 1389 3045 ab
1420 3009 1550 3055 angelis
1573 3008 1703 3043 factum
1726 3011 1893 3042 asserunt.

367 3054 397 3089 3.
417 3056 519 3100 Apoc.
537 3057 578 3098 ΙΙ,
596 3056 627 3091 G.
695 3057 726 3091 4.
742 3056 926 3093 Millenarii
943 3058 1050 3091 edidit
1063 3057 1243 3092 Arevalus.
