2052 3342
227 446 291 477 Cup.
310 446 367 471 XL.

210 718 274 748 (¹:11).
295 718 369 742 XLI.

393 199 446 238 46

1056 196 1252 222 PmLASTm

392 313 489 341 vum
512 300 609 354 quid
629 299 771 340 volens
801 300 1021 340 commenti
1051 299 1142 340 salsi
1172 299 1391 341 decernere
1428 313 1549 353 quam
1576 299 1821 342 Valentinus
1851 299 1924 342 do-

394 374 480 411 ctor
501 370 587 409 cius
610 372 672 408 est
694 369 925 408 ementitus.

466 438 563 478 Post
590 436 698 477 hunc
728 435 894 490 quidam
923 435 1138 477 Secundus
1166 437 1330 478 nomine
1358 435 1521 477 Aeonas
1556 436 1746 478 similiter
1774 436 1926 478 docens

393 506 545 546 lfactos
567 504 734 557 adserit,
756 509 893 545 tamen
916 504 1097 545 infinitos
1109 511 1134 544 ²¹.
1175 504 1385 545 Christum
1406 509 1543 546 autem
1564 507 1680 559 quasi
1700 519 1773 560 per
1793 504 1925 560 phan-

391 575 537 614 tasiam
559 574 820 628 apparuisse,
842 572 882 614 id
905 577 967 613 cst
988 572 1115 613 veluti
1137 572 1371 625 umbi-amb,
1393 572 1571 615 humano
1593 575 1754 627 generi,
1782 577 1823 614 et
1843 585 1926 614 non

392 656 529 682 veram
551 655 716 683 carnem
737 641 916 683 hominis
938 640 1131 682 habuisse
1155 643 1401 695 suspicatur.

475 710 573 752 Post
593 710 700 751 hunc
724 709 950 751 Heracleon
974 709 1202 764 discipulus
1232 711 1387 763 ipsius²¹
1416 711 1613 762 surrexit,
1639 709 1781 751 dicens
1810 710 1925 764 prin-

391 780 544 833 cipium
566 792 654 819 esse
677 792 817 830 unum,
840 792 960 832 quem
983 777 1194 819 dominum
1216 777 1417 832 appellat,
1447 777 1594 818 deinde
1616 777 1665 819 de
1686 778 1762 820 hoc
1784 781 1927 819 natum

390 846 540 900 aliudb,
569 847 699 901 deque
727 847 791 887 his
820 846 979 887 duobus
1008 848 1313 897 generationem
1340 845 1564 887 multorum
1599 848 1747 888 asserit
1771 847 1926 902 princi-

390 916 564 969 piorum,
587 929 679 956 cum
702 916 786 956 suis
809 914 952 957 itidem
975 914 1154 956 delirans
1178 914 1427 956 doctoribus.

478 1051 558 1096 Cap.
576 1051 648 1085 XL.
669 1054 700 1083 iti
720 1051 826 1084 Habe.
844 1053 1037 1095 inscriptum
1053 1057 1102 1083 est
1116 1050 1311 1084 SECVNDVS.
1330 1069 1372 1074 —
1401 1050 1426 1083 l.
1445 1049 1573 1084 adserit
1587 1049 1696 1084 factos
1713 1048 1865 1084 infinitos
1883 1049 1927 1082 A.

477 1096 558 1142 Cap.
576 1097 664 1131 XLI.
683 1099 715 1129 ιἰι
737 1097 841 1129 Balio.
861 1099 1056 1140 inscriptum
1075 1096 1176 1129 habet
1188 1096 1414 1130 HERACLEON.
1431 1116 1475 1121 —

385 1212 640 1255 (l›·egsc12·r21·11nt.”
672 1210 830 1244 Irenaeus
856 1210 912 1243 lil).
941 1210 968 1242 l.
994 1220 1066 1254 cap.
1091 1209 1122 1243 5.

387 1258 448 1296 (11.
467 1257 544 1290 edit.
567 1257 750 1300 Massueti)
778 1257 861 1295 ..alii
877 1262 982 1288 autem
1009 1268 1123 1287 rursus

387 1306 528 1346 ipsorum
544 1305 688 1347 ΙὶΓίῘΙΗΙΙΙΙ
715 1309 746 1334 ΡῘ
762 1301 973 1344 (ll'cl1ey01mn
989 1307 1121 1334 Uerona·

385 1352 500 1380 tiotwm
516 1348 568 1380 leis
581 1360 650 1380 nom
656 1351 687 1379 1⁷11
693 1348 763 1379 ihus
776 1359 845 1379 nom
851 1350 1010 1379 itini-erun
1016 1353 1035 1386 t,
1050 1349 1121 1390 pri-

384 1406 471 1426 mam
508 1392 712 1439 proarchen,
742 1393 859 1425 deinde
893 1396 1119 1432 anennoeton,

385 1442 515 1472 tertiam
534 1446 639 1472 (intem
654 1437 829 1479 arrheton,
847 1444 877 1470 e!
892 1443 1046 1481 quartam
1064 1447 1119 1470 ao-

385 1489 492 1518 raton.
526 1485 573 1517 Et
595 1486 634 1517 (Ie
659 1487 774 1528 prima
798 1485 924 1527 quidem
949 1482 1120 1527 proarche

386 1533 534 1563 emissum
559 1542 626 1563 esse
646 1532 756 1574 primo
784 1535 815 1561 et
837 1531 946 1572 quillto
970 1529 1040 1561 loeo
1069 1538 1120 1561 ar-

385 1575 485 1617 chen,
504 1588 542 1609 ez
556 1582 734 1608 anennoeto
747 1576 889 1607 secundo
903 1580 934 1606 et
948 1580 1036 1607 sexto
1051 1574 1120 1606 loco

385 1622 615 1666 acatalepton,
639 1627 670 1654 et
691 1622 730 1653 (Ie
753 1620 889 1653 arrheto
913 1622 1008 1652 tertio
1026 1625 1057 1652 et
1071 1631 1119 1651 se-

379 1670 483 1711 ptimo
500 1669 569 1700 loco
583 1670 849 1700 anonomaston:
868 1667 908 1698 cle
924 1671 1043 1697 aorato
1061 1677 1119 1697 au-

385 1720 443 1745 tem
470 1719 588 1756 quarto
613 1719 644 1745 et
669 1718 786 1745 octavo
814 1712 884 1743 loco
913 1714 1118 1755 agenneton.

384 1759 538 1791 Pleroma
555 1758 615 1790 hoc
627 1760 762 1802 primae
775 1758 947 1799 oqdoadc's.
972 1756 1049 1788 Has
1064 1768 1118 1788 ‘ro-

384 1806 455 1836 lunt
468 1805 723 1847 1·1'rt11te.s·fitis-s·e
742 1808 817 1835 ante
835 1801 951 1845 bython
970 1808 1001 1834 et
1015 1804 1118 1845 slyen,

384 1855 418 1881 ut
425 1852 648 1893 petyeetorum
657 1850 880 1892 profectiones
895 1847 1118 1891 appareant.''

382 1895 473 1928 llaec
496 1894 626 1927 Irenaei
648 1894 753 1927 verba
775 1892 961 1925 Ptolemaei
985 1896 1117 1925 senten-

383 1940 465 1972 tiam
483 1944 671 1984 exponunt.
696 1938 825 1972 Deinde
843 1949 871 1971 e.
889 1938 919 1970 6.
937 1938 1118 1978 (Massuet.

387 1984 447 2029 12.)
463 1985 553 2018 idem
568 1984 728 2018 Irenaeus
744 1987 841 2017 notat
859 1983 1026 2027 quosdam
1042 1983 1117 2016 Pto-

383 2031 504 2063 lemaei
536 2030 720 2074 discipulos
757 2029 825 2062 alia
858 2029 997 2073 insuper
1028 2040 1118 2061 com-

382 2080 499 2109 menta
513 2076 646 2120 placitis
662 2074 819 2118 magistri
838 2074 891 2107 sui
908 2074 1117 2107 adiunxisse.

386 2121 455 2161 „Hi
480 2133 557 2154 vero
585 2123 641 2165 qui
666 2126 741 2152 sunt
771 2122 868 2152 circa
895 2120 1118 2152 Ptolemaeum

382 2169 590 2207 scientiores,
615 2167 700 2199 duas
725 2168 879 2208 com'uqes
901 2165 1024 2198 habere
1048 2177 1118 2197 eum

384 2212 516 2255 Bython
533 2213 656 2252 dicunt,
673 2223 755 2255 qua-9
772 2217 803 2243 et
818 2212 1048 2254 dc'spose'tz'ones
1063 2223 1117 2243 ro—

383 2264 476 2297 eant,
501 2257 665 2290 Ennoean
688 2263 720 2289 et
745 2255 922 2288 Thelesin”
943 2259 1005 2289 etc.
1037 2255 1116 2289 Ter-

382 2303 545 2336 tullianus
569 2313 596 2336 c.
620 2301 674 2335 33.
703 2305 820 2335 contra
841 2301 1116 2334 Valentinianos:

384 2348 600 2388 „Eoetz'terunt
613 2350 697 2380 enim
711 2348 750 2380 de
766 2346 882 2379 schola
895 2349 1000 2390 ipsius
1017 2348 1117 2379 cli-sci-

376 2395 454 2438 puli
464 2405 564 2438 super
575 2395 770 2436 maqistrum
778 2418 787 2433 ,
805 2393 1030 2425 emendatores
1041 2391 1118 2424 Pto-

383 2441 516 2479 lemaei,
549 2441 607 2483 qui
637 2439 758 2482 duplex
789 2439 976 2481 corziuqiuni
1008 2436 1116 2479 Bytho

382 2497 438 2518 sno
453 2486 669 2529 adfinyerent,
688 2483 928 2526 Coqz'tationem
945 2488 976 2514 et
995 2481 1116 2514 Volun-

382 2530 516 2563 totem.''
562 2530 677 2563 Minus
715 2531 870 2562 accurate
906 2526 1117 2572 Epiphanius

381 2574 545 2609 XXXIII.
564 2575 592 2608 1.
614 2574 681 2619 ipsi
696 2573 761 2607 hoc
775 2573 896 2606 tribuit
910 2572 1116 2614 Ptolemaeo,

381 2626 419 2654 ut
433 2622 630 2654 Massuetus
652 2631 686 2664 p.
702 2618 828 2654 XLIX.
850 2618 930 2651 diss.
951 2618 1116 2662 praeviar.

381 2667 417 2700 in
431 2666 610 2700 Irenaeum
630 2663 770 2710 pulchre
786 2664 991 2698 observavit.
1017 2662 1118 2707 [Cum

381 2711 443 2756 Epi
467 2711 571 2745 hanio
587 2710 623 2744 S.
639 2709 846 2743 Athanasius
854 2708 912 2742 ΠΙ.
929 2719 956 2742 c.
972 2708 1117 2742 Arianos

379 2769 412 2802 p.
430 2723 495 2791 6168
511 2756 590 2790 edit.
604 2755 947 2789 Montfauconianae:
975 2753 1117 2796 „Hwks-

381 2804 474 2855 paiog
491 2801 553 2856 Υὰρ
571 2799 588 2834 ὃ
606 2800 820 2834 Οὐαλεντίνου
843 2797 901 2844 ἔφη
923 2799 981 2832 δύο
999 2799 1114 2843 ζυγοὺς

380 2846 461 2892 ε’γειν
484 2859 539 2880 τον
556 2845 752 2891 Ἀγέννητον,
769 2842 920 2877 ’Έννοιαν
942 2844 994 2877 καὶ
1011 2843 1114 2885 Θέλη-

380 2889 438 2936 σιν,
463 2893 516 2926 καὶ
537 2893 666 2937 πρῶτον
689 2889 862 2934 ἐνενόησεν,
887 2885 953 2922 εἶτα
969 2888 1112 2933 ἐθέλησε7

379 2938 431 2971 καὶ
449 2938 528 2983 ἅπερ
545 2937 657 2970 ἐνενόει
674 2935 734 2969 οὐκ
757 2934 890 2968 ἐδύνατο
907 2933 1112 2979 προβάλλειν,

395 2983 404 2995 ’
421 2983 464 3028 μὴ
488 2983 540 3016 ὅτε
557 2982 609 3016 καὶ
631 2980 719 3023 ὅτεὴ
741 2983 799 3014 τοῦ
823 2980 1001 3025 θελήματος
1019 2980 1112 3013 δύνα-

379 3008 430 3073 ῌις
446 3028 635 3075 ἐπεγένετο]
670 3027 746 3068 (R)

1237 1210 1319 1255 Cap.
1336 1209 1408 1243 XL.
1424 1230 1466 1235 —
1487 1219 1517 1242 a.
1542 1209 1669 1242 adserit
1683 1212 1798 1242 tamen
1815 1207 1927 1242 infini-

1191 1256 1256 1300 tos]
1282 1256 1353 1289 Hoc
1376 1255 1465 1300 apud
1489 1255 1572 1288 alios
1594 1255 1774 1299 scriptores
1791 1265 1859 1288 non
1877 1254 1926 1287 in-

1191 1302 1307 1342 venio,
1331 1302 1388 1345 qui
1411 1301 1451 1334 de
1469 1300 1626 1334 Secundo
1644 1299 1814 1333 haeretico
1831 1310 1925 1332 men-

1189 1347 1318 1380 tionem
1339 1347 1485 1387 faciunt,
1508 1350 1546 1379 ut
1566 1345 1779 1390 Epiphanius
1803 1349 1837 1378 et
1858 1344 1925 1378 Da-

1189 1403 1370 1426 niascenus
1400 1391 1550 1436 [Tamen
1573 1392 1616 1424 ab
1646 1390 1823 1425 haereticis
1853 1391 1925 1435 qui-

1189 1437 1335 1471 busdam
1348 1435 1493 1475 ἀπείοους
1506 1438 1640 1470 Aeonas
1652 1436 1807 1470 inductos
1819 1436 1927 1469 fuisse

1189 1486 1323 1516 constat
1345 1493 1389 1516 ex
1412 1467 1595 1516 Constituit.
1616 1482 1771 1527 Apostol.
1786 1481 1861 1522 VI.‚
1878 1480 1924 1525 8.]

1188 1528 1327 1562 IIaeresi
1341 1527 1394 1561 32.
1412 1528 1626 1570 Augustinus
1640 1531 1674 1561 et
1681 1527 1810 1561 Auctor
1824 1526 1926 1560 Prae-

1189 1574 1350 1607 destinati
1366 1583 1403 1607 ca
1432 1599 1438 1606 .
1460 1573 1510 1606 12.
1527 1572 1760 1607 Theodoretus
1775 1572 1834 1606 lib.
1850 1572 1866 1605 1
1885 1572 1926 1605 de

1187 1619 1373 1654 Haereticis
1424 1619 1534 1653 abulis
1551 1629 1624 1664 cap.
1641 1617 1672 1652 8.
1696 1618 1926 1652 Tertullianus

1188 1669 1307 1699 contra
1331 1665 1588 1698 Valentinianos
1612 1675 1640 1698 c.
1663 1663 1718 1697 38.
1742 1667 1777 1697 et
1798 1662 1926 1698 Auctor

1187 1710 1384 1756 appendicis
1401 1710 1444 1743 ad
1459 1710 1599 1744 Tertull.
1622 1719 1695 1754 cap.
1711 1709 1766 1742 49.
1789 1713 1824 1742 et
1839 1709 1925 1742 anti-

1187 1757 1285 1801 quior
1301 1755 1354 1790 his
1372 1755 1531 1790 omnibus
1547 1755 1708 1789 Irenaeus
1724 1755 1783 1788 lib.
1804 1754 1831 1788 l.
1849 1765 1876 1788 c.
1893 1753 1924 1788 5.

1185 1802 1327 1843 (Fabr.)

1231 1848 1263 1881 b.
1289 1847 1395 1881 veluti
1418 1846 1589 1891 umbram]
1615 1845 1727 1891 Supra
1748 1856 1781 1890 p.
1798 1844 1853 1878 56.
1871 1844 1924 1878 64.

1187 1892 1240 1926 68.
1264 1893 1350 1926 Hinc
1367 1903 1503 1926 carnem
1520 1891 1644 1925 Christi
1661 1902 1682 1924 a
1698 1890 1923 1924 Secundianis

1187 1939 1307 1972 necari
1324 1938 1440 1972 scribit
1454 1937 1699 1971 Damascenus.
1732 1936 1807 1978 (F.)

1232 1966 1313 2029 δερ.
1338 1983 1427 2017 XLI.
1453 2003 1495 2008 --
1526 1993 1555 2016 a.
1588 1982 1671 2015 disci
1697 1982 1775 2015 ulus
1798 1981 1922 2026 ipsius]

1186 2029 1216 2063 N
1219 2041 1262 2063 011
1278 2030 1427 2063 multum
1441 2027 1660 2062 tribuendum
1699 2027 1756 2061 uic
1770 2027 1923 2060 testimo-

1186 2075 1242 2109 nio
1260 2075 1418 2108 existimo
1428 2101 1436 2115 ‚
1452 2084 1563 2118 neque
1578 2073 1656 2106 inde
1673 2076 1828 2106 constare
1840 2076 1923 2117 puto

1187 2120 1278 2165 quod
1294 2120 1483 2153 Heracleon
1496 2129 1574 2152 vere
1591 2117 1740 2152 Secundi
1755 2117 1860 2151 fuerit
1875 2118 1923 2151 di-

1187 2166 1354 2210 scipulus,
1378 2165 1433 2198 vel
1447 2165 1582 2198 Marcus
1606 2163 1662 2204 (de
1679 2174 1747 2208 quo
1763 2163 1854 2197 infra
1868 2173 1923 2197 ca-

1186 2212 1256 2256 pite
1284 2211 1458 2256 proximo)
1485 2209 1703 2244 Heracleonis
1736 2219 1921 2243 successor.

1185 2256 1274 2290 Nam
1318 2256 1408 2301 apud
1443 2254 1675 2300 Epiphanium
1715 2253 1922 2288 Colorbasus

1184 2302 1311 2343 Marco,
1327 2302 1515 2335 Heracleon
1527 2299 1713 2333 Golorbaso
1730 2300 1921 2333 subiicitur.

1185 2347 1345 2381 Vicissim
1361 2345 1557 2381 Secundum
1576 2345 1778 2379 Heracleoni
1801 2349 1836 2379 et
1850 2356 1921 2378 ma-

1185 2403 1269 2437 gum
1283 2393 1439 2426 Marcum
1454 2390 1610 2427 Secundo
1633 2391 1771 2424 subiicit
1791 2391 1921 2424 Tertul-

1184 2439 1295 2472 lianus
1312 2442 1430 2472 contra
1445 2436 1704 2472 Valentinianos
1721 2447 1749 2469 c.
1765 2435 1798 2469 4.
1845 2436 1920 2478 (F.)

1230 2484 1262 2517 b.
1287 2483 1328 2517 de
1350 2482 1414 2517 hoc
1435 2486 1554 2516 natum
1576 2481 1687 2526 aliud]
1711 2480 1785 2514 Imo
1802 2491 1846 2515 ex
1862 2481 1922 2514 illa

1185 2529 1331 2563 monade
1344 2529 1421 2562 duo.
1437 2528 1564 2561 Auctor
1575 2526 1772 2571 appendicis
1784 2526 1828 2560 ad
1839 2526 1920 2560 Ter-

1185 2575 1258 2608 tull.
1276 2585 1348 2619 eap.
1361 2574 1415 2607 49.
1440 2573 1653 2613 „Introducz't
1664 2574 1821 2616 inprimis
1835 2573 1922 2605 illud

1178 2623 1288 2663 fuisse
1318 2620 1405 2664 quod
1425 2619 1648 2663 pronunciat,
1677 2623 1710 2650 et
1735 2618 1854 2650 deinde
1881 2628 1922 2650 ex

1185 2666 1249 2698 illa
1275 2666 1416 2698 monade
1445 2665 1523 2704 duo,
1553 2674 1595 2696 ac
1627 2663 1746 2696 deinde
1777 2663 1921 2706 reliquos

1186 2711 1332 2744 Aeonas.
1374 2710 1504 2742 Deinde
1524 2709 1709 2741 introducit
1729 2713 1828 2741 totum
1853 2707 1919 2741 Va-

1186 2755 1372 2789 lentinum.’'
1404 2754 1528 2789 Confer
1550 2763 1638 2797 quae
1654 2753 1695 2786 de
1710 2753 1919 2787 Heracleone

1183 2800 1395 2846 Epiphanius
1413 2803 1447 2834 et
1461 2799 1694 2833 Damascenus
1709 2799 1852 2832 Haeresi
1863 2797 1918 2831 36.

1182 2846 1396 2890 Augustinus
1418 2848 1453 2879 et
1473 2843 1720 2878 Praedestinati
1740 2844 1868 2877 Auctor
1890 2854 1918 2876 c.

1185 2891 1236 2924 16.
1262 2891 1363 2936 [Cum
1370 2890 1550 2926 Valentino
1566 2889 1671 2922 etiam
1682 2889 1822 2934 negavit
1834 2888 1918 2922 Gra-

1181 2937 1266 2970 tiam
1283 2941 1318 2970 et
1331 2937 1516 2972 Veritatem
1535 2934 1643 2968 fuisse
1664 2935 1700 2967 in
1721 2935 1810 2979 lege.
1833 2934 1918 2969 Vide

1181 2981 1292 3016 Photii
1307 2980 1544 3028 Amphilochia
1565 2990 1639 3025 cap.
1656 2979 1731 3014 246.
1755 2983 1790 3014 et
1810 2979 1916 3025 Epist.

1184 3026 1271 3072 134]
1296 3028 1372 3069 (F.)
