2052 3374
255 750 267 774 ¹
276 751 619 793 DILEcTISSIMo
639 752 774 794 FILIO
793 752 857 792 ΕΤ
878 751 1189 792 CONDIACONO
1210 750 1225 775 2
1234 753 1597 795 QUODVULTDEO

580 829 925 864 AUGUSTINUS
956 829 1262 864 EPISCOPUS.

234 934 429 989 Acceptis
456 934 605 976 litteris
634 936 818 976 caritatis
846 938 960 988 tuae,
994 934 1065 976 ubi
1093 949 1117 975 a
1142 949 1209 976 me
1240 935 1530 977 ardentissimo
1561 936 1696 978 studio

149 1002 371 1058 postulasti
397 1007 444 1044 ut
472 1003 521 1044 cle
550 1004 741 1045 omnibus
768 1003 1010 1044 haeresibus
1039 1017 1142 1058 quae
1170 1008 1265 1059 post
1294 1004 1451 1045 domini
1472 1004 1698 1046 adventum

151 1071 348 1113 adversus
377 1073 464 1113 eius
487 1072 719 1114 doctrinam
739 1072 1048 1128 pullulaverunt
1068 1072 1228 1126 aliquid
1249 1072 1430 1114 breviter
1458 1073 1696 1126 scriberem,

152 1153 276 1196 quam
306 1142 360 1182 sit
388 1140 464 1182 hoc
506 1140 675 1182 difficile
715 1143 908 1183 continuo
952 1145 1117 1196 reperta
1148 1142 1364 1183 occasione
1395 1143 1591 1196 rescripsi
1624 1155 1697 1197 per

150 1209 282 1251 filium
310 1222 450 1251 meum
480 1210 812 1265 Hipponensium
842 1211 1087 1265 primarium
1117 1210 1394 1264 Phssocalum,
1430 1225 1527 1252 mox
1558 1215 1698 1251 autem

151 1279 276 1319 etiam
305 1279 388 1320 ista
418 1278 557 1320 oblata
586 1282 650 1320 est
680 1293 760 1333 qua
790 1293 900 1321 nunc
929 1279 1110 1321 rescribo
1140 1283 1181 1320 et
1209 1279 1388 1321 breviter
1410 1279 1698 1321 difficultatem

151 1348 286 1403 operis
309 1348 396 1388 eius
418 1347 602 1389 ostendo.

168 1415 171 1417 ’
233 1416 478 1458 Philastrius
510 1416 679 1471 quidam
708 1415 961 1458 3Brixiensis
993 1417 1232 1472 episcopus,
1265 1431 1388 1471 quem
1427 1432 1521 1460 cum
1552 1422 1695 1460 sancto

150 1483 370 1527 Ambrosio
391 1484 617 1526 Mediolani
639 1486 764 1526 etiam
784 1487 873 1540 ipse
891 1485 990 1538 vidi,
1013 1487 1180 1540 scripsit
1200 1486 1297 1527 hinc
1318 1486 1486 1539 librum‚
1507 1501 1582 1528 nec
1604 1487 1697 1529 illos

149 1552 342 1595 haereses
364 1557 699 1609 praetermittens
722 1568 824 1608 quae
848 1555 890 1594 in
911 1554 1060 1609 populo
1078 1554 1228 1595 Iudaeo
1246 1556 1413 1596 fuerunt
1429 1560 1523 1596 ante
1541 1556 1696 1597 adven—

150 1626 240 1663 tum
261 1622 433 1675 domini,
455 1636 604 1677 easque
626 1623 773 1675 viginti
795 1626 884 1664 octo
908 1625 1260 1677 commemoravit,
1283 1628 1432 1679 etpost
1450 1624 1607 1665 domini
1623 1624 1696 1666 ad-

150 1695 323 1733 ventum
343 1691 556 1732 CXXVIII.
609 1691 786 1746 Scripsit
812 1692 937 1732 etiam
966 1691 1063 1732 hinc
1094 1693 1247 1733 Graece
1276 1694 1494 1747 episcopus
1523 1694 1696 1748 Cyprius

150 1759 420 1815 Epiphanius,
441 1761 485 1800 in
507 1760 696 1801 doctrina
717 1759 940 1800 catholicae
960 1760 1054 1801 fidei
1071 1760 1334 1803 laudabiliter
1351 1760 1600 1814 diffamatus,
1623 1761 1697 1803 sed

150 1829 240 1884 ipse
260 1830 474 1882 utriusque
504 1830 702 1883 temporis
733 1828 925 1869 haereses
957 1829 1154 1883 colligens
1176 1829 1319 1871 LXXX
1350 1829 1591 1885 complexus
1620 1834 1694 1871 est.

152 1897 255 1939 Cum
277 1911 369 1951 ergo
391 1897 512 1938 ambo
535 1897 578 1938 id
601 1897 754 1938 vellent
774 1898 908 1938 facere
930 1897 1039 1951 quod
1060 1912 1084 1938 a
1103 1912 1168 1938 me
1190 1900 1312 1953 petis⁷
1335 1902 1535 1952 quantum
1556 1904 1695 1940 tamen

151 1967 259 2007 inter
281 1979 323 2006 se
347 1965 539 2006 differant
561 1965 611 2006 dc
632 1979 803 2006 numero
825 1967 991 2006 interim
1020 1970 1226 2008 sectarum
1250 1966 1387 2008 vides:
1418 1967 1526 2021 quod
1554 1970 1695 2022 utique

151 2048 236 2076 non
257 2035 478 2086 evenisset,
499 2035 580 2074 nisi
601 2033 712 2074 aliud
732 2035 804 2074 uni
826 2047 967 2075 eorum
983 2034 1192 2076 videretur
1208 2050 1298 2076 csse
1315 2036 1512 2088 haeresis,
1530 2042 1571 2077 et
1585 2036 1697 2078 aliud
1719 2029 1725 2035 ’

152 2102 281 2144 alteri.
331 2101 474 2156 Neque
502 2103 611 2142 enim
640 2102 870 2156 putandum
897 2107 961 2143 est
989 2103 1147 2157 aliquas
1175 2106 1385 2157 ignorasse
1406 2105 1696 2161 Epiphanium,

153 2185 253 2226 quas
274 2174 445 2212 noverat
464 2170 725 2223 Philastrius,
747 2185 840 2212 cum
859 2171 1135 2226 Epiphanium
1155 2172 1274 2225 longe
1295 2173 1516 2215 Philastrio
1539 2174 1694 2215 doctio-

152 2253 239 2282 rem
258 2240 561 2291 invenerimus,
590 2240 649 2279 1111
676 2243 721 2280 ut
741 2239 1008 2281 Philastrium
1036 2242 1172 2295 potius
1202 2241 1338 2282 dicere
1367 2241 1613 2283 deberemus
1634 2242 1695 2283 la-

152 2310 282 2350 tuisse
304 2308 524 2363 plurimas⁷
546 2309 580 2348 si
602 2312 742 2348 tamen
764 2307 900 2362 plures
923 2313 1032 2350 esset
1052 2309 1121 2350 ille
1143 2310 1403 2365 complexus,
1432 2315 1473 2351 et
1493 2313 1570 2351 iste
1592 2325 1694 2366 pau-

153 2379 297 2419 ciores.
329 2376 412 2418 Sed
433 2375 576 2431 procul
598 2375 722 2417 dubio
744 2377 786 2416 in
809 2390 856 2417 ea
878 2379 1134 2431 quaestione,
1156 2378 1227 2419 ubi
1250 2378 1506 2434 disceptatur
1527 2380 1625 2433 quid
1643 2381 1696 2420 sit

152 2445 355 2497 haeresis,
376 2459 460 2486 non
482 2445 594 2485 idem
615 2444 834 2485 videbatur
856 2446 1078 2497 ambobus3
1110 2450 1151 2487 et
1170 2461 1314 2488 revera
1333 2447 1409 2488 hoc
1433 2450 1599 2489 omnino
1623 2447 1694 2489 de-

153 2514 271 2556 finire
294 2513 461 2554 difficile
484 2517 566 2565 est,
589 2517 629 2553 et
650 2512 740 2554 ideo
764 2514 1014 2568 cavendum,
1044 2529 1137 2556 011111
1159 2529 1302 2557 omnes
1324 2517 1367 2556 in
1388 2530 1606 2557 numerum
1630 2531 1692 2557 re-

154 2581 291 2636 digere
310 2595 519 2633 conamur⁷
537 2594 586 2621 ne
604 2584 980 2635 praetermittamus
996 2583 1170 2637 aliquas,
1188 2586 1376 2638 quamvis
1390 2584 1580 2625 haereses
1597 2586 1693 2637 siut,

154 2654 226 2692 aut
244 2664 564 2692 annumeremus
586 2649 765 2703 aliquas,
793 2665 886 2692 cum
912 2652 1102 2694 haereses
1131 2667 1213 2694 non
1242 2655 1337 2693 sint.
1389 2653 1490 2693 Vide
1522 2667 1615 2705 ergo
1643 2667 1693 2693 ne

155 2719 258 2761 forte
279 2718 431 2760 librum
452 2720 583 2759 sancti
604 2718 676 2772 Epi
684 2719 824 2772 phanii
843 2719 917 2761 tibi
940 2722 1103 2761 mittere
1127 2721 1299 2764 debeam
1323 2721 1474 2776 (ipsum
1495 2723 1606 2761 enim
1627 2735 1693 2761 ar-

155 2786 284 2829 bitror
302 2787 523 2829 Philastrio
546 2786 705 2828 doctius
726 2787 821 2828 hinc
843 2787 1063 2842 locutum)‚
1095 2790 1163 2843 qui
1191 2791 1324 2844 possit
1350 2790 1458 2844 apud
1480 2790 1692 2842 Carthagi-

225 2911 254 2945 I.
270 2910 350 2944 Hac
367 2912 517 2956 epistola,
536 2924 619 2956 quae
637 2917 683 2943 ‹fs-15
701 2910 875 2945 CCXXII
893 2915 980 2945 intur
999 2914 1157 2956 epistolas
1174 2914 1358 2957 Auqqustz'ui
1374 2917 1407 2946 in
1425 2917 1494 2946 cius
1515 2913 1599 2958 Opp.
1619 2919 1691 2948 tom.

157 2955 210 2991 II.
236 2959 285 2990 ed.
310 2957 454 2997 Bened„
481 2958 688 3001 Aayustimts
712 2960 887 3002 respondet
908 2959 1067 3003 epistolae
1093 2960 1340 2998 Quodvultdeus
1362 2972 1445 3003 quae
1468 2966 1516 2992 est
1533 2959 1692 2995 CCXXI.

157 3007 229 3035 tom.
247 3002 300 3037 II.
322 3002 406 3047 opp.
425 3004 610 3045 Aafsustiuz'
626 3004 675 3036 ecl,
695 3002 818 3036 ljaned.
855 3004 963 3042 Quam
981 3007 1151 3047 ‹vti-seras,
1176 3008 1207 3037 si
1222 3007 1317 3038 lubet.
1366 3006 1396 3039 2.
1414 3005 1580 3039 Nonnulli
1594 3006 1689 3040 MSS.

156 3045 328 3087 Quodvult
343 3047 438 3082 deus.
456 3048 616 3093 (Bencd.)
676 3047 708 3081 3.
724 3048 821 3083 MSS.
839 3048 1030 3084 Brixensis.
1054 3049 1208 3094 fflened.)
