2100 3342
363 213 432 239 vm
1017 191 1239 219 PRAEFATIO.

363 301 492 342 dentii
513 308 551 342 et
575 300 820 342 Adelmanni
841 312 963 353 opera
984 297 1177 338 Philastri
1205 310 1364 351 quoqne
1393 297 1444 338 de
1465 296 1715 339 Haeresibus
1743 297 1898 340 librum

364 380 551 436 protulit,
593 394 641 420 ex
677 379 915 419 recensione
952 376 1118 430 quidem
1153 376 1183 417 Ι.
1214 378 1261 417 Α.
1291 375 1488 428 Fabricii,
1530 377 1760 418 subiunctis
1794 377 1897 418 item

363 463 450 500 eius
471 459 675 500 adnotatis
697 462 735 498 et
758 458 929 497 seorsim
958 459 1062 510 (pag.
1089 455 1166 496 147
1188 456 1265 509 sq.)
1295 454 1448 496 additis
1468 455 1655 498 eiusdem
1680 457 1759 498 viri
1780 456 1897 498 Notis

361 539 594 581 Posthumis
604 537 655 578 ad
665 536 942 587 philastrium,
955 549 1057 589 quas
1065 535 1202 577 Herm.
1215 536 1324 577 Sam.
1335 536 1565 588 Reimarus,
1573 535 1748 577 Fabricii
1758 541 1898 591 gener,

361 619 412 660 ad
423 617 626 672 Angelum
642 615 815 658 Mariam
831 616 1043 665 Quirinum
1063 614 1338 668 Cardinalem,
1354 616 1471 656 cujus
1487 616 1602 656 iussu
1617 619 1740 670 atque
1755 615 1897 671 auspi-

361 700 434 739 ciis
452 697 519 739 illa
529 696 840 739 [¹011ectiovett.
852 696 1018 736 Patrum
1034 694 1243 736 Ecclesiae
1259 694 1486 736 Brixiensis
1503 695 1739 750 parabatur,
1759 698 1896 736 trans-

361 780 539 820 miserat.
572 778 682 826 Quae
704 777 790 831 ipse
809 774 1032 817 Galeardus
1055 776 1096 815 in
1113 774 1332 830 Spicilegio
1349 774 1400 816 ad
1417 775 1544 816 Notas
1559 774 1738 816 Fabricii
1756 788 1797 830 p.
1818 774 1895 815 171

360 872 448 912 sqq.
472 860 773 899 commentatus
802 860 884 906 est,
913 869 959 895 ea
987 868 1061 895 nec
1085 853 1260 896 Fabricii
1289 868 1456 909 operam
1482 853 1660 895 multum
1680 857 1898 906 auxerunt,

360 951 489 991 neque
519 936 721 978 Philastro
750 935 814 976 vel
843 934 1110 976 emaculando
1140 933 1204 975 vel
1240 933 1482 975 illustrando
1514 933 1676 988 egregie
1712 932 1897 976 contule-

358 1026 465 1058 runt.
516 1018 571 1058 At
597 1022 837 1057 ornamento
871 1020 1009 1055 tamen
1038 1020 1080 1054 et
1108 1013 1246 1055 decori
1277 1013 1387 1055 illius
1413 1013 1584 1055 editioni
1620 1015 1704 1055 iam
1730 1012 1897 1056 absolu-

361 1105 426 1137 tae
456 1103 717 1137 accesserunt
740 1096 885 1136 Variae
915 1093 1130 1135 Lectiones
1159 1093 1313 1135 codicis
1342 1094 1486 1148 scripti
1507 1093 1549 1135 S.
1572 1092 1767 1135 Germani
1785 1092 1897 1149 apud

359 1176 535 1217 Parisios
562 1190 602 1216 n.
626 1176 726 1225 717,
754 1174 856 1216 alias
877 1174 971 1215 625.
1002 1173 1174 1214 membr.
1196 1187 1277 1215 sec.
1300 1173 1377 1223 Lx',
1406 1188 1432 1214 a
1453 1173 1538 1214 1011.
1567 1172 1779 1227 Raverdy,
1805 1186 1895 1214 mo·-

359 1256 488 1297 nacho
514 1254 785 1296 Benedictiuo
814 1268 834 1294 e
865 1254 1186 1306 Congregatione
1216 1253 1258 1293 S.
1288 1253 1443 1305 Mauri,
1463 1256 1707 1308 excerptae,
1727 1254 1797 1307 qui
1821 1267 1897 1308 per

359 1336 475 1391 plura
508 1334 640 1376 adhuc
682 1334 820 1376 secula
862 1347 967 1374 unus
1008 1333 1111 1374 liber
1153 1346 1277 1374 manu
1318 1337 1509 1374 exaratus
1543 1334 1678 1387 potuit
1709 1332 1895 1388 reperiri.

358 1417 397 1457 Is
426 1417 536 1456 enim
564 1415 712 1457 codex,
741 1428 989 1468 quamquain
1012 1413 1264 1468 paucissima
1283 1411 1567 1468 suppeditavit.
1595 1425 1701 1467 quae
1727 1411 1895 1455 Sichar-

359 1496 490 1538 dianis
520 1500 658 1537 essent-
686 1495 902 1549 scripturis
923 1492 1239 1545 emendatiora¹,
1266 1497 1406 1534 tamen
1427 1497 1475 1533 ut
1493 1494 1699 1546 integrum
1717 1492 1802 1534 iam
1818 1491 1894 1534 ha-

358 1576 548 1617 beremus
578 1574 772 1616 Philastri
800 1573 952 1614 librum
981 1573 1137 1625 effecit,
1181 1572 1383 1628 completo
1406 1585 1576 1614 numero
1602 1571 1724 1614 CLVI
1749 1571 1895 1614 haere-

358 1658 486 1708 sium,
506 1655 681 1696 testibus
701 1655 931 1707 Augustino
948 1652 1007 1694 De
1025 1652 1276 1694 Haeresibus
1296 1653 1469 1708 praefat.
1486 1657 1529 1694 et
1548 1666 1638 1707 cap.
1653 1652 1697 1705 4,
1713 1652 1895 1694 Auctore

355 1734 609 1790 Appendicis
629 1733 682 1775 ad
700 1733 955 1775 Ildesonsum
976 1732 1026 1774 de
1043 1732 1211 1787 Scriptt.
1232 1731 1387 1774 Eccles.
1411 1746 1445 1773 c.
1467 1732 1515 1784 3,
1540 1731 1768 1774 Trithemio
1788 1745 1824 1774 e.
1839 1730 1895 1772 84

356 1830 380 1856 a
391 1814 595 1856 Philastro
609 1818 967 1868 pertractatarum.
1000 1812 1143 1867 Capita
1155 1825 1258 1866 quae
1269 1812 1366 1853 inde
1384 1815 1653 1854 accesserunt
1667 1809 1895 1864 suntGVH,

358 1894 494 1936 CXIV.
505 1926 517 1946 ,
533 1893 689 1935 CXVII.
700 1925 712 1945 ,
729 1892 840 1934 CXL.
851 1925 863 1944 ,
880 1892 974 1934 CLI.
987 1925 998 1944 ,
1015 1891 1147 1933 CLIV.
1183 1891 1276 1932 Fuit
1295 1896 1436 1934 autem
1457 1891 1529 1932 ille
1545 1891 1653 1934 liber
1671 1894 1895 1946 antequam

356 1977 400 2016 in
420 1974 461 2016 S.
484 1974 678 2015 Germani
706 1972 1000 2014 bibliothecam
1025 1973 1192 2012 transiit
1212 1971 1454 2013 monasterii
1468 1971 1751 2024 Corbeiensis,
1776 1971 1894 2012 cuius

357 2057 402 2096 in
421 2053 696 2096 bibliothecae
718 2051 901 2106 catalogo
921 2053 1072 2104 veteri,
1102 2065 1224 2106 quem
1244 2050 1427 2106 Angelus
1441 2051 1574 2094 Maius
1598 2052 1778 2099 inseruit
1795 2049 1892 2106 Spi-

359 2134 494 2187 cilegii
513 2133 578 2175 sni
593 2133 768 2174 Romani
787 2137 896 2174 tomo
917 2132 987 2184 V„
1013 2145 1102 2186 pag.
1126 2130 1241 2184 208„
1266 2131 1354 2174 eius
1374 2133 1523 2174 notitia
1540 2133 1751 2173 invenitur
1766 2130 1891 2172 haec:

358 2213 540 2267 πΧῩΙΠ,
568 2214 605 2253 7.
645 2212 853 2253 ΡΙιιῚιωίρι·
874 2212 922 2252 (Ie
943 2210 1179 2252 haeresibus
1201 2211 1324 2265 (bis).
1347 2211 1385 2253 8.
1412 2211 1696 2254 Ter-tullianus
1717 2211 1768 2252 de
1789 2210 1892 2254 cibis

357 2293 558 2335 Iudaicae.
579 2291 619 2334 9.
638 2292 828 2348 Epistola
845 2290 1085 2332 Bamabae.
1111 2290 1180 2333 10.
1196 2291 1385 2347 Epistola
1398 2289 1577 2334 Iacobi².
1606 2290 1739 2333 Hodie
1754 2303 1890 2333 asser-

426 2394 455 2427 1.
470 2392 542 2427 Ioh.
558 2392 715 2437 Raverdy
729 2393 766 2426 in
781 2392 932 2438 Epistola
949 2392 993 2426 ad
1009 2392 1223 2426 Cardinalem
1239 2392 1420 2434 Quirinum
1433 2392 1639 2439 praemissa:
1666 2390 1823 2433 „——n
1837 2402 1892 2426 se-

357 2457 423 2490 rait
438 2455 460 2490 'a
473 2454 648 2490 sonhaiter
663 2466 730 2500 que
745 2456 777 2489 le
791 2456 858 2490 Hs.
874 2454 926 2489 fut
941 2455 1018 2500 plus
1035 2460 1183 2497 correct,
1204 2466 1261 2489 car
1284 2455 1449 2501 quoiqu'il
1470 2455 1541 2489 soit
1552 2454 1795 2500 parfaitement
1809 2455 1891 2490 bien

358 2517 454 2560 ecrit,
469 2523 505 2552 et
518 2517 565 2552 dn
580 2518 678 2552 9e1ne
694 2529 740 2552 on
758 2518 875 2552 loeme
891 2517 1006 2559 siecle,
1021 2518 1046 2551 il
1061 2518 1113 2562 ἐς
1128 2522 1247 2552 trouve
1262 2518 1342 2552 bien
1358 2518 1417 2553 des
1431 2518 1543 2552 fames
1558 2517 1601 2551 de
1616 2517 1779 2562 copiste.''

424 2581 456 2614 2.
470 2581 533 2615 Hic
548 2580 639 2614 idem
655 2587 706 2614 est
722 2581 806 2614 liber
823 2591 925 2625 quem
939 2580 1041 2625 Hugo
1056 2580 1241 2614 §renardus
1257 2581 1417 2627 inspexit,
1433 2585 1469 2615 et
1481 2579 1572 2614 unde
1585 2579 1745 2613 Latinam
1755 2579 1890 2625 Episto-

356 2645 411 2678 lae
426 2643 463 2678 S.
479 2642 660 2677 Barnabae
675 2643 988 2688 interpretationem
1004 2642 1118 2676 edidit.
1148 2642 1337 2677 Dacherius
1352 2644 1390 2677 in
1404 2643 1551 2689 epistola
1563 2641 1744 2676 Barnabae
1756 2641 1890 2688 Episto-

358 2708 412 2741 lae
425 2705 581 2752 praesua
593 2710 676 2739 tom.
691 2705 733 2739 11.
750 2704 839 2740 Bibl.
860 2705 950 2739 Patr.
972 2705 1082 2751 Lugd.
1103 2715 1185 2751 pag.
1208 2705 1257 2739 lss.
1280 2706 1427 2750 (inserta
1446 2706 1550 2740 etiam
1570 2707 1666 2739 tomo
1680 2703 1775 2739 XVI.
1796 2703 1889 2740 Bibl.

358 2768 430 2804 Ioh.
446 2768 487 2803 de
502 2769 539 2803 la
549 2768 662 2813 Haye,
685 2772 766 2818 ante
786 2767 967 2802 Barnabae
981 2768 1189 2814 Epistulam,
1214 2779 1294 2814 pag.
1311 2769 1407 2813 901):
1448 2767 1557 2811 ‚Cum
1569 2767 1607 2801 in
1621 2765 1795 2801 Philam-ii
1807 2766 1889 2812 Epi-

360 2832 456 2877 scopi
469 2831 661 2866 Brixiensis
676 2831 742 2865 ΜΞ.
760 2841 779 2864 e
795 2830 820 2865 C
823 2831 992 2865 orbeiensi
1007 2831 1217 2865 Monasterio
1240 2831 1417 2865 incidisset
1439 2829 1624 2876 aliquando
1645 2828 1684 2863 P.
1697 2829 1801 2875 Ilugo
1815 2829 1888 2863 He-

358 2894 496 2937 nardus,
507 2893 645 2936 ibidem,
660 2893 817 2939 proxime
832 2898 912 2939 post
926 2893 1117 2939 Epistulam
1130 2886 1334 2939 §anniani
1350 2893 1392 2928 de
1409 2893 1502 2928 Cibis
1523 2891 1685 2933 Iudaicis,
1706 2891 1888 2926 Barnabae

358 2957 497 2991 nomine
519 2957 721 3002 msignitam
740 2955 932 3002 Epistolam
954 2967 1022 2990 nna
1044 2967 1125 2990 cum
1143 2955 1261 2990 Iacobi
1279 2955 1439 3002 Apostoli
1458 2954 1615 3000 Epistola
1634 2952 1888 2999 deprehendit?

362 3018 413 3053 Cf.
430 3020 533 3055 etiam
546 3019 614 3054 Iac.
629 3018 865 3054 Armachanus
880 3019 921 3053 de
935 3018 1115 3053 Barnabae
1129 3018 1285 3064 Epistola
1297 3017 1570 3053 Pramnonffione
1583 3017 1623 3052 in
1633 3015 1662 3053 1.
1673 3015 1717 3052 B.
1729 3015 1892 3052 (totelffli
