2052 3342
253 480 317 509 sap.
338 480 368 503 X.

234 809 300 839 (ηπ.
321 808 366 832 XI.

219 1078 282 1110 (lap.
304 1079 363 1103 XII.

203 1283 267 1315 Cap.
288 1283 365 1308 XIII.

206 1488 273 1521 Cap.
292 1488 365 1513 XIV.

394 220 473 260 326
900 219 1060 244 110N0R11
1081 219 1439 246 AUGrsTODL'NEstS

394 337 486 376 pora
513 338 688 374 creasse,
711 326 746 362 ct
772 327 864 377 post
884 323 1014 364 multa
1036 324 1173 364 secula
1195 326 1352 365 animas
1374 326 1416 365 in
1435 326 1597 367 diversa
1615 341 1786 382 corpora
1804 328 1934 368 redire

395 400 428 429 ct
456 392 594 430 omnia
615 392 654 431 in
678 391 900 445 pristinum
923 396 1073 432 statum
1099 394 1246 433 roverti
1270 393 1475 434 dixerunt.

481 459 628 498 ¹Stoici
652 475 675 499 a
698 459 784 499 loco
808 459 919 500 dicti.
954 462 1048 500 stoa
1073 462 1223 515 quippe
1247 461 1429 515 porticus
1453 466 1540 501 erat
1560 462 1757 515 Athenis,
1788 464 1829 503 in
1853 476 1936 516 qua

394 528 627 580 sapientum
650 534 689 567 et
713 530 877 568 sortium
901 528 1009 568 sacta
1033 533 1162 570 crant.
1217 529 1260 568 ln
1283 529 1356 569 hac
1381 529 1489 570 Zeno
1513 529 1780 585 philosophus
1810 531 1934 571 disci-

392 595 508 649 pulos
532 609 626 635 suos·
652 597 842 636 instituit.
879 597 924 636 lli
944 611 1063 636 omne
1083 602 1298 651 peccatum
1317 597 1518 638 uniforme
1537 598 1692 651 dicunt,
1713 602 1797 639 tam
1814 612 1934 652 grave

393 679 473 702 cssc
505 664 687 704 triticum
711 678 834 718 quam
857 679 1001 705 aurum
1023 666 1162 705 furari.
1196 665 1502 706 Beatitudincm
1520 667 1561 706 in
1579 665 1667 707 sola
1683 668 1820 707 anima
1837 681 1934 708 con-

393 739 515 779 stare,
538 734 722 773 animam
745 747 838 773 culn
863 748 1029 787 corpore
1054 735 1220 774 interire
1244 733 1518 774 affirmabant.

478 800 735 841 ¹Academici
761 816 784 841 a
806 801 902 841 villa
925 801 1108 842 Platonis
1130 802 1357 842 Academia
1377 801 1488 843 dieti.
1540 802 1593 842 lli
1615 802 1753 843 omnia
1779 804 1938 843 incerta

392 870 623 922 opinantur.
676 869 807 909 liuius
838 874 974 909 sectae
1006 874 1188 924 repertor
1218 870 1294 909 suit
1314 869 1550 910 Arcesilaus
1581 873 1622 910 et
1650 874 1827 912 sectator
1849 871 1936 911 eius

395 936 673 989 Diuum-ritus,
703 939 769 990 qui
797 937 898 977 dixit
930 939 985 977 ita
1006 939 1222 978 voi-itatem
1247 940 1287 978 in
1312 938 1472 979 occulto
1496 937 1636 990 latere,
1659 941 1704 978 ut
1724 951 1872 992 aquam
1896 940 1937 979 in

391 1004 471 1045 alto
495 1010 616 1059 puteo
641 1006 728 1045 sino
753 1005 888 1045 fundo.

475 1074 486 1096 ¹
502 1074 763 1127 Peripatetici
785 1088 807 1113 a.
830 1073 1160 1114 dcamlmlatione
1184 1074 1299 1125 dicti,
1329 1075 1425 1127 quia
1447 1077 1588 1115 auctor
1613 1088 1753 1115 eorum
1775 1074 1935 1115 Aristo-

392 1141 492 1180 tclcs
516 1140 817 1181 dcamlmlando
841 1141 1089 1195 disputabat.
1142 1142 1192 1183 lli
1218 1142 1362 1182 dicunt
1383 1143 1567 1182 animam
1595 1155 1644 1182 ex
1665 1145 1780 1196 parte
1803 1145 1935 1183 aeter-

390 1224 500 1252 nam.
523 1224 572 1249 cx
594 1214 708 1264 parte
731 1210 963 1253 mortalem,
987 1214 1024 1249 ct
1048 1210 1186 1249 omnia
1208 1209 1374 1250 fortuito
1399 1224 1497 1250 casu
1520 1211 1583 1263 agi
1606 1209 1754 1250 serunt.

475 1278 641 1332 ¹s'ynici
664 1278 714 1318 ab
740 1277 1002 1318 immunditia
1024 1277 1137 1318 dicti.
1163 1278 1211 1318 Ili
1235 1284 1278 1317 ut
1301 1291 1423 1318 canes
1442 1279 1483 1318 in
1502 1278 1603 1319 vicis
1622 1281 1662 1318 et
1677 1277 1825 1333 plateis
1845 1292 1937 1320 cum

391 1347 586 1387 uxoribus
610 1347 796 1399 coibant,
826 1347 1011 1387 dicentes·
1041 1346 1278 1399 coniugium
1302 1360 1390 1386 csse
1421 1346 1597 1399 iustum,
1620 1350 1660 1386 et
1688 1345 1779 1388 ideo
1809 1346 1936 1388 hone-

391 1420 514 1467 ¹stum,
537 1417 621 1455 iuro
645 1417 685 1455 in
708 1415 871 1469 publico
894 1415 1111 1467 agendum.

477 1484 688 1538 ¹Epicurei
711 1484 761 1524 ab
784 1483 958 1538 Epicuro
981 1483 1223 1537 philosopho
1247 1483 1360 1523 dicti.
1402 1482 1454 1523 lli
1484 1496 1691 1523 summum
1719 1482 1873 1524 bonum
1895 1484 1937 1524 in

459 1608 540 1652 Cap.
559 1608 603 1640 X.
622 1628 663 1631 —
686 1608 711 1640 l.
730 1608 846 1640 Isidor.
867 1608 985 1648 (li-ing.
1003 1607 1089 1641 wli,
1108 1608 1138 1643 (ἱ,
1157 1608 1186 1639 S.
1222 1606 1349 1642 „Stoici
1367 1616 1386 1638 a
1399 1607 1473 1639 loco
1487 1605 1576 1638 dicti.
1601 1605 1757 1639 Porticus
1769 1605 1835 1639 fuit
1848 1606 1938 1639 enim

389 1654 531 1687 Athenis
546 1664 648 1697 quam
667 1652 814 1694 ποικίλην
833 1652 929 1684 στοὰν
948 1653 1180 1696 appellabant,
1206 1652 1239 1684 in
1260 1662 1326 1695 qua
1343 1652 1432 1696 picta
1450 1655 1550 1695 gesta
1566 1655 1664 1685 erant
1679 1652 1873 1696 sapientum
1890 1656 1939 1685 at-

390 1711 455 1743 que
473 1700 623 1732 virorum
647 1699 788 1731 fortium
812 1698 984 1730 historiae.
1026 1698 1062 1730 ln
1088 1697 1149 1730 hac
1175 1698 1308 1742 porticu
1325 1698 1498 1741 sapientes
1516 1696 1865 1741 philosophabantur,
1895 1709 1938 1731 ex

391 1757 456 1789 quo
476 1750 507 1777 ct
526 1745 630 1777 Stoici
649 1744 729 1776 dicti
748 1750 838 1776 sunt.
866 1744 994 1776 Graece
1013 1744 1104 1775 enim
1122 1743 1271 1787 porticus
1291 1741 1371 1774 στοὰ
1388 1742 1520 1775 dicitur.
1547 1742 1641 1775 Hanc
1659 1745 1790 1775 sectam
1806 1743 1937 1787 primus

390 1790 505 1823 Zenon
524 1790 682 1823 instituit.
710 1792 739 1821 U.
758 1790 798 1821 Hi
818 1794 945 1831 negant
963 1789 1035 1821 siue
1052 1789 1174 1821 virtuto
1194 1788 1283 1821 et'tici
1302 1798 1510 1831 quemquam
1524 1788 1672 1820 beatum.
1698 1787 1808 1821 Omne
1819 1799 1937 1832 pecca-

389 1842 461 1868 tum
480 1836 648 1868 uniforme
667 1846 740 1867 esse
759 1839 925 1869 asserunt.
944 1834 1106 1870 (licentes,
1125 1835 1179 1866 Sic
1200 1834 1254 1866 ille
1273 1844 1400 1866 nocens
1419 1833 1481 1865 erit
1499 1833 1557 1876 qui
1573 1833 1691 1878 paleas
1709 1832 1841 1866 furatus
1865 1833 1937 1867 fue-

388 1882 429 1914 rit
450 1892 552 1925 quam
571 1881 627 1924 qui
646 1891 776 1919 aurum,
804 1880 861 1923 qui
879 1890 1036 1920 mergum
1056 1879 1215 1912 occiderit
1233 1890 1336 1923 quam
1355 1879 1412 1922 qui
1429 1889 1566 1922 equum.
1608 1877 1685 1912 Non
1701 1878 1793 1912 enim
1809 1879 1938 1912 animal

389 1927 528 1965 crimen,
547 1926 605 1959 sed
620 1926 754 1958 animus
768 1926 858 1959 facit.
890 1926 938 1959 Il).
952 1925 993 1957 Hi
1011 1925 1114 1957 etiam
1128 1925 1279 1957 animam
1293 1935 1371 1957 cum
1381 1934 1522 1968 corpore
1535 1924 1645 1968 perire
1659 1924 1787 1958 dicunt.
1810 1924 1939 1957 Amant

390 1983 524 2017 quoque
543 1972 703 2004 virtutem
721 1971 961 2011 continentiae,
980 1970 1140 2003 affectant
1158 1970 1304 2015 gloriam
1322 1973 1515 2010 aeternam,
1533 1980 1611 2002 cum
1628 1980 1663 2003 se
1680 1969 1853 2003 fateantur
1869 1981 1938 2004 non

390 2029 463 2050 esse
482 2016 672 2049 aeternoss'

435 2073 516 2118 Cap.
535 2073 596 2107 XI.
615 2092 658 2096 —
679 2073 706 2106 1.
726 2072 842 2106 Isidor.
863 2072 981 2116 Origg.
999 2072 1087 2111 VIII,
1105 2072 1135 2111 (ἰ,
1157 2072 1206 2105 ll.
1246 2071 1440 2104 Academici
1458 2071 1620 2116 appellati
1643 2081 1664 2105 a
1687 2071 1769 2104 villa
1784 2071 1937 2105 Platonis

389 2119 575 2153 Academia
590 2117 812 2157 Athenarum,
831 2118 890 2151 ubi
906 2118 996 2150 idem
1013 2118 1110 2150 Plato
1128 2117 1282 2151 docebat.
1307 2117 1350 2150 IIi
1367 2117 1483 2150 omnia
1499 2118 1630 2150 incerta
1647 2117 1847 2161 opinantur,
1865 2118 1937 2158 sed,

390 2166 476 2198 sicut
494 2164 671 2197 fatendum
689 2168 740 2196 est
757 2164 866 2196 multa
883 2164 1012 2196 incerta
1030 2168 1062 2195 et
1081 2163 1214 2196 occulta
1233 2163 1323 2203 esse,
1341 2173 1429 2206 quae
1446 2163 1556 2195 voluit
1572 2162 1655 2196 deus
1673 2162 1937 2207 intelligentiam

390 2210 538 2243 hominis
557 2209 740 2249 excedere,
765 2213 879 2241 tamen
903 2209 951 2241 sic
972 2209 1120 2253 plurima
1144 2219 1220 2241 esse
1244 2219 1330 2252 quae
1354 2211 1502 2252 possunt
1518 2211 1551 2240 et
1567 2208 1724 2241 sensibus
1742 2208 1819 2252 capi
1835 2211 1868 2241 et
1886 2219 1936 2241 ra-

390 2257 480 2289 tione
499 2253 750 2299 comprehendi.
791 2254 839 2286 12).
858 2254 952 2287 Hanc
971 2258 1100 2287 sectam
1117 2253 1310 2286 Arcesilaus
1329 2253 1539 2297 Cyrenaicus
1557 2252 1782 2298 philosophus
1801 2254 1936 2298 reperit,

391 2302 487 2334 cuius
511 2304 659 2333 sectator
683 2299 747 2332 fuit
764 2299 997 2333 Democritus,
1028 2300 1086 2343 qui
1109 2299 1196 2331 dixit
1220 2303 1385 2343 tanquam
1409 2299 1444 2331 in
1460 2302 1563 2343 puteo
1581 2299 1667 2339 alto,
1691 2299 1739 2332 ita
1755 2302 1794 2332 ut
1809 2298 1936 2332 fundus

390 2347 504 2379 nullus
523 2346 576 2385 sit,
592 2346 641 2378 ita
656 2345 692 2377 in
710 2345 842 2377 occulto
860 2345 969 2377 iacere
987 2344 1196 2377 veritatem.''

436 2402 516 2446 Cap.
534 2401 611 2436 XII.
628 2422 672 2426 —
705 2402 732 2434 1.
750 2401 869 2434 Isidor.
889 2400 1008 2444 Origg.
1027 2401 1121 2441 VIII,
1148 2401 1184 2439 6,
1214 2400 1529 2445 13.‘,.Peripatetici
1552 2410 1572 2433 a
1594 2400 1870 2434 deambulatione
1895 2412 1935 2434 eo

392 2448 481 2493 quod
498 2448 732 2480 Aristoteteles
750 2450 867 2479 auctor
892 2457 1010 2478 eorum
1032 2446 1258 2479 deambulans
1283 2446 1457 2490 disputare
1482 2445 1603 2478 solitus
1622 2449 1722 2479 esset.
1760 2445 1804 2479 Hi
1820 2445 1937 2479 dicunt

392 2493 562 2539 quandam
572 2493 775 2537 particulam
786 2492 921 2525 animae
934 2502 1007 2524 esse
1018 2495 1207 2532 aeternam,
1224 2491 1264 2524 de
1274 2491 1404 2535 reliquo
1414 2501 1544 2535 magna
1557 2502 1600 2524 ex
1614 2494 1711 2536 parte
1722 2491 1936 2525 mortalem.”

437 2549 672 2594 Cap.X111.—
692 2549 719 2583 1.
738 2548 854 2581 lsidor.
874 2547 992 2592 Origg.
1002 2547 1094 2588 VIII,
1114 2548 1150 2588 6,
1172 2548 1221 2582 14.
1251 2547 1392 2592 „Cynici
1409 2548 1452 2580 ab
1470 2547 1688 2581 immunditia
1702 2547 1935 2592 impudentiae

392 2595 589 2640 nuncupati.
615 2594 742 2628 Contra
757 2593 945 2627 humanam
962 2593 1055 2625 enim
1070 2592 1310 2626 verecundiam
1326 2593 1362 2626 in
1378 2593 1559 2637 propatulo
1578 2593 1668 2626 coire
1686 2603 1764 2626 cum
1781 2593 1934 2637 coniugi-

391 2642 455 2675 bus
474 2641 521 2673 eis
538 2652 613 2673 mos
631 2643 718 2680 erat,
742 2642 918 2672 censentes
935 2638 1066 2671 licitum
1082 2637 1333 2682 honestumque
1357 2649 1431 2671 esse
1446 2638 1563 2682 palam
1579 2649 1658 2671 cum
1673 2637 1839 2671 uxoribus
1855 2648 1934 2671 con-

392 2687 564 2726 cumbere,
583 2685 662 2730 quia
679 2685 880 2728 coniugium
897 2684 1027 2717 iustum
1043 2686 1103 2724 est,
1121 2684 1256 2727 publice
1274 2683 1308 2716 id
1324 2683 1561 2728 praedicantes
1578 2683 1761 2727 agendum,
1777 2685 1816 2715 ut
1831 2693 1933 2716 canes

393 2733 429 2765 in
444 2732 528 2764 vicis
546 2731 601 2764 vel
617 2731 747 2775 plateis.
788 2729 884 2763 Unde
902 2733 935 2763 et
952 2739 971 2762 a
989 2729 1145 2770 canibus,
1165 2740 1311 2773 quorum
1328 2729 1435 2762 vitam
1452 2728 1690 2770 imitabantur,
1713 2727 1818 2761 etiam
1834 2739 1933 2762 voca-

393 2778 513 2810 bulum
529 2787 722 2823 nomenque
739 2774 949 2808 traxerunt.”
1742 2818 1749 2824 N

439 2832 622 2877 Cap.XIV.
641 2851 683 2855 ——
715 2832 744 2866 1.
760 2831 880 2865 Isidor.
901 2830 1019 2876 Origg.
1035 2830 1122 2871 VIII,
1142 2830 1172 2871 6,
1194 2830 1243 2864 15.
1271 2830 1447 2875 „Epicurei
1465 2830 1545 2864 dicti
1561 2829 1604 2863 ab
1620 2828 1766 2873 Epicuro
1785 2829 1933 2873 quodam

394 2877 608 2924 philosopho,
626 2880 775 2910 amatore
792 2877 964 2918 vanitatis,
982 2887 1051 2910 non
1060 2876 1259 2920 sapientiae,
1277 2886 1380 2920 quem
1393 2876 1498 2909 etiam
1508 2875 1575 2920 ipsi
1585 2872 1780 2919 philosophi
1792 2885 1934 2918 porcum

394 2924 674 2963 nominaverunt,
701 2922 799 2966 quasi
822 2922 980 2955 volutans
1005 2922 1039 2955 in
1064 2932 1170 2954 coeno
1189 2922 1335 2963 carnali,
1360 2921 1569 2965 voluptatem
1592 2918 1741 2963 corporis
1758 2929 1933 2954 summum

395 2968 523 3002 honum
541 2979 616 3002 esse
641 2978 813 3007 asserens,
838 2967 897 3010 qui
924 2968 1028 3000 etiam
1050 2966 1138 3000 dixit
1160 2967 1255 3000 nulla
1278 2966 1393 3000 divina
1407 2964 1620 3010 providentia
1635 2964 1841 2998 instructum
1857 2976 1932 2999 esse

397 3017 454 3046 aut
470 3014 544 3057 regi
559 3013 735 3046 mundum.
763 3012 814 3046 16.
834 3012 902 3045 Sed
919 3013 1088 3057 originem
1103 3022 1217 3057 rernm
1230 3012 1365 3052 atomis,
1382 3011 1417 3044 id
1433 3013 1484 3044 est
1499 3008 1742 3043 insecabilibus
1756 3019 1795 3042 ac
1813 3011 1931 3044 solidis

398 3059 594 3103 corporibus
612 3057 817 3102 assignavit,
841 3068 987 3102 quorum
1008 3057 1157 3092 fortuitis
1175 3056 1455 3091 concursionibus
1472 3054 1587 3089 omnia
1601 3057 1786 3089 nascantur
1802 3058 1836 3090 et
1850 3059 1932 3090 nata
