2084 3374
658 258 708 285 DE
726 257 960 285 HAERESIBUS
978 258 1099 284 LIBER.

1598 256 1648 296 21

109 362 409 406 Ezechielemdz
430 363 623 418 Eceefili
642 365 834 416 hominis,
854 364 946 404 vide
963 363 1192 418 quidfaoit
1205 361 1388 418 populu-3
1406 359 1556 412 Israel,
1577 360 1652 399 iste

98 433 212 487 filios
232 432 396 486 etfilias
411 447 510 473 suas
532 434 575 473 in
590 433 696 473 valle
715 431 730 456 2
746 432 903 487 Taphet
925 433 1110 472 itmnolat
1135 431 1378 482 daemonias»,
1410 427 1560 484 quibus
1581 441 1652 483 690

107 515 190 542 non
208 501 410 542 mandavi
425 500 532 541 hanc
554 500 685 541 facere
708 502 968 554 imquitatem
989 502 1031 541 in
1051 499 1178 541 Israel
1199 498 1361 554 populo.

218 569 500 610 Puteoritaeab
522 572 619 610 sunt
634 571 702 623 qui
718 572 864 624 puteos
881 568 1041 620 colunt,
1068 569 1111 608 in
1128 567 1258 608 altum
1278 567 1501 619 fodientes,
1522 565 1653 620 deque

109 638 168 679 eis
188 637 444 690 haurientes,
472 639 587 692 quasi
610 651 758 692 aquam
780 636 925 678 salutis
947 638 990 677 in
1012 650 1060 677 ea
1081 640 1295 691 sperantes
1318 635 1538 689 ¹aliqua1n,
1560 648 1654 676 cum

108 705 218 747 dicat
238 705 429 747 dominus
450 721 523 761 per
543 706 809 761 prophetam⁰
829 705 1053 746 monendo:
1082 705 1152 745 Me
1173 706 1481 759 dereliquerunt
1490 704 1655 759 fontem

107 757 244 830 aquo-ze
258 776 392 827 vivae,
415 775 664 830 etfoclerzmt
677 773 759 815 sibi
778 774 893 815 lacus
915 775 1102 825 detritos,
1125 775 1201 828 qui
1212 788 1295 814 non
1308 780 1487 828 possunt
1508 787 1655 828 capere

106 857 263 898 aquam
281 843 515 884 salutarem.
558 843 674 893 Quod
700 856 793 896 ergo
821 845 916 882 ante
946 842 1111 883 (licebat
1130 855 1204 896 per
1223 841 1488 896 prophetam,
1516 843 1559 882 in
1580 855 1654 882 sua

107 911 248 953 divina
268 912 502 967 complebat
521 910 792 967 praesentiad,
820 910 981 952 dicens:
1014 906 1154 952 (Bnmts
1176 911 1252 965 qui
1269 925 1318 950 ea·
1338 909 1414 950 hac
1435 924 1550 964 aqua
1569 914 1653 950 ter-

105 981 227 1021 restri
249 979 414 1033 biberit,
441 995 612 1022 rursum
630 981 757 1021 sitiet:
783 980 832 1020 de
857 994 972 1035 aqua
994 986 1130 1020 (cutem
1156 993 1283 1033 quam
1309 992 1380 1033 ‘³90
1406 976 1468 1018 ‘²ei
1492 979 1653 1030 dedero,

105 1049 144 1089 δι’
162 1047 326 1101 biberit,
346 1064 429 1090 non
448 1050 557 1089 sitiet
576 1050 619 1089 in
641 1055 870 1100 aeternum,
891 1049 964 1089 secl
982 1049 1060 1088 erit
1081 1049 1120 1088 ei
1139 1048 1290 1088 saliens
1314 1048 1355 1087 in
1375 1048 1502 1086 vitcmz
1523 1053 1654 1087 aeter-

104 1131 214 1158 nam.
266 1117 425 1173 Quippe
455 1117 577 1158 3erit0
606 1119 738 1170 gratia
768 1116 994 1167 Christiani
1024 1116 1220 1171 baptismi
1251 1115 1442 1156 salutaris
1473 1115 1652 1156 humano

105 1187 246 1240 generi
267 1199 464 1227 concessa
483 1200 508 1226 a
529 1185 694 1227 domino
717 1185 930 1226 salvatore.

217 1253 410 1295 Haeresis
444 1258 508 1295 est
533 1268 694 1308 quoque
726 1256 769 1295 in
795 1254 958 1295 Iudaeis
987 1267 1090 1308 quae
1118 1254 1300 1308 serpenti
1328 1252 1588 1293 sacrificabat
1614 1256 1655 1293 et
1679 1257 1744 1291 Cap·
1762 1257 1835 1283 ΧΠ

104 1335 234 1377 usque
256 1322 309 1363 ad
329 1322 547 1364 Ezechiam
572 1337 710 1376 regem
730 1323 975 1364 Iudaeorum
996 1321 1171 1363 eandem
1191 1323 1447 1376 impietatem
1469 1322 1652 1363 celebra-

103 1391 187 1432 bat.
230 1389 422 1446 Serpenti
443 1393 573 1444 enim,
600 1393 644 1432 in
663 1392 780 1432 libris
803 1392 1095 1443 ¹Regnorum³,
1123 1404 1252 1444 usque
1275 1390 1327 1430 ad
1347 1390 1565 1431 Ezechiam
1587 1405 1652 1431 sa-

105 1459 318 1501 crificabat
337 1473 454 1502 aereo
480 1460 656 1515 populus
684 1460 946 1511 Iudaeorum,
973 1473 1096 1513 quem
1122 1458 1332 1512 2Moyses'1
1360 1459 1493 1499 facere
1516 1461 1653 1501 iussus

106 1528 239 1568 fuerat
258 1529 301 1568 in
323 1529 436 1569 exitu
462 1528 587 1569 Israel
615 1528 664 1569 cle
686 1529 892 1583 Aegypto:
921 1542 1014 1569 cum
1040 1543 1064 1568 a
1085 1528 1346 1583 serpentibus
1368 1528 1653 1569 morderentur

106 1595 248 1637 Iudaei
266 1601 570 1637 murmurantes
593 1601 714 1651 atque
737 1597 973 1651 deperirent
992 1598 1151 1651 inique,
1174 1598 1293 1637 iussit
1314 1596 1505 1638 dominus
1526 1601 1571 1637 ut
1592 1598 1651 1637 fa-

108 1668 219 1705 ceret
236 1664 421 1718 ³Moyses
439 1669 674 1720 serpentem
691 1679 874 1719 aereum,
896 1681 941 1707 ac
965 1665 1237 1721 suspenderet
1254 1679 1348 1706 eum
1365 1667 1408 1706 in
1424 1665 1560 1707 medio
1578 1680 1650 1721 po-

1678 571 1744 605 Cap.
1762 571 1821 598 XX.

197 1777 227 1810 2.
245 1777 377 1821 Taphet
404 1778 442 1811 Β.
461 1777 593 1823 Tophet
610 1780 738 1822 reliqui.

195 1822 277 1867 Cap.
295 1823 376 1857 XX.
394 1826 429 1855 in
449 1823 555 1856 Habe.
574 1827 768 1868 inscriptum
787 1824 886 1857 habet
900 1824 1133 1858 PVTEORITAE.
1153 1846 1195 1850 —-
1224 1826 1251 1858 l.
1269 1826 1384 1870 aliqua
1401 1826 1429 1858 l).
1456 1825 1486 1858 2.
1504 1826 1534 1858 ei
1552 1826 1651 1869 dabo,

106 1869 135 1902 si
152 1868 286 1909 biberit,
309 1880 380 1902 non
403 1869 496 1902 sitiet
517 1870 550 1902 in
576 1874 764 1910 aeternum,
788 1870 845 1903 sed
863 1871 890 1903 ὁ.
909 1871 939 1903 ei
957 1871 1056 1911 (labo,
1079 1883 1149 1904 non
1173 1871 1265 1904 sitiet
1281 1872 1314 1904 in
1339 1876 1525 1913 aeternum,
1548 1882 1653 1916 quam

106 1924 171 1959 ego
189 1914 220 1947 ei
237 1914 371 1955 dedero,
389 1915 418 1947 si
437 1915 568 1955 biberit,
586 1926 656 1948 non
673 1916 764 1948 sitiet
781 1916 815 1948 in
833 1920 1018 1957 aeteruum,
1045 1916 1103 1949 sed
1123 1917 1188 1949 Ba.
1214 1916 1244 1950 3.
1263 1921 1336 1950 erat
1355 1931 1382 1950 c.

195 1958 276 2004 Cap.
294 1960 392 1994 XXI.
408 1963 444 1992 in
462 1961 535 1993 abc.
561 1963 753 2004 iusvriptnm
779 1961 880 1994 habet
900 1962 1073 1996 Hanni-:sus
1097 1974 1141 1995 08
1165 1974 1304 1996 AENEVM
1328 1963 1485 2005 (AENEAM
1509 1964 1552 2008 α.)
1575 1975 1651 1998 SER-

106 2016 255 2039 ΡΒΝΤΕΜ.
272 2026 316 2030 —
344 2005 371 2039 l.
387 2005 522 2050 Regum
541 2006 569 2039 Ι).
601 2006 630 2039 2.
648 2006 764 2040 Moses
782 2007 834 2039 ab.
875 2008 905 2041 3.
922 2008 1037 2041 Moses
1055 2009 1107 2041 ab.

105 2100 240 2130 tantum
275 2096 452 2131 traductas
499 2109 538 2131 ac
582 2098 742 2130 lustratas
785 2110 845 2143 per

106 2142 239 2187 ignem,
266 2146 306 2175 ut
331 2153 534 2187 persuasum
562 2143 763 2176 Maimonidi
786 2143 842 2177 111.

105 2187 159 2221 38.
187 2187 284 2221 More
299 2187 505 2229 Nebochim,
526 2189 584 2222 sed
602 2189 705 2221 etiam
723 2189 843 2222 innno-

104 2233 209 2274 latas,
237 2232 303 2267 hoc
330 2238 382 2267 est
409 2234 489 2276 igne
517 2238 685 2267 crematas
715 2235 841 2268 scribit.

104 2278 190 2312 Vide
207 2278 393 2312 Seldenum
414 2280 471 2313 lib.
495 2280 520 2313 l.
547 2280 587 2312 (le
612 2280 683 2312 Diis
701 2280 796 2323 Syris
815 2292 841 2313 e.

106 2323 137 2357 6.
156 2323 312 2358 Grotium
324 2324 366 2357 ad
380 2325 478 2358 Deut.
492 2325 614 2359 XVIII.
630 2325 677 2358 lO.
693 2329 725 2357 et
740 2326 841 2369 Greg.

106 2367 282 2403 Michaelis
299 2371 341 2403 ad
361 2369 538 2404 Gaffarelli
555 2370 774 2403 Curiositates
788 2371 841 2404 Iu-

107 2414 243 2448 auditas
257 2426 290 2459 p.
307 2415 359 2449 95.
377 2427 448 2460 seq.
467 2421 499 2449 et
513 2416 721 2460 Spenceruin
738 2416 777 2449 11.
793 2416 840 2450 10.

106 2460 148 2494 de
174 2459 326 2504 Legibus
349 2461 599 2502 Hebraeorum,
623 2462 843 2505 Episcopium

106 2505 188 2539 Inst.
211 2504 375 2551 Theolog.
393 2518 425 2551 p.
441 2507 519 2552 134.
555 2507 578 2540 Ι.
605 2506 723 2540 ‹jieusii
740 2507 842 2540 victi-

107 2561 182 2584 mas
197 2551 375 2585 Humanas
391 2551 448 2586 lib.
470 2553 498 2585 1.
516 2564 542 2585 c.
569 2553 617 2585 11.
666 2552 740 2593 (F.)

151 2596 182 2630 d.
206 2607 267 2642 per
279 2596 481 2642 prophetam
491 2597 713 2641 Ezechielem]
731 2597 843 2631 Prima

107 2645 242 2675 tantum
257 2643 361 2676 verba
376 2643 537 2688 leguntur
549 2642 712 2676 Ezechiel.
737 2643 843 2684 x⁷111.;

130 2697 194 2721 uae
211 2687 332 2722 deinde
349 2699 384 2722 se
410 2693 553 2730 uuntur,
578 2689 683 2733 petita
702 2692 782 2721 sunt
799 2700 842 2722 ex

106 2698 225 2766 θοι-θυι.
237 2732 309 2767 VII.
323 2732 377 2767 31.
428 2738 577 2768 ostrema
592 2733 758 2767 I’hilaster
770 2734 842 2779 ipse

107 2788 150 2812 ex
166 2777 307 2823 ingenio
323 2789 386 2812 suo
403 2779 570 2813 adiunxit.
618 2779 693 2820 (F.)

152 2822 233 2868 Cap.
249 2823 330 2857 XX.
348 2844 392 2849 —
413 2835 444 2858 a.
459 2824 665 2867 Puteoritae]
684 2824 841 2869 intelligo

107 2879 182 2902 esse
217 2879 338 2903 vocem
379 2868 401 2903 h
428 2870 576 2911 bridam,
617 2876 840 2914 puteoryctas,

107 2924 183 2947 eom
209 2914 332 2948 ositam
345 2925 389 2949 ex
434 2916 526 2949 atino
545 2919 577 2949 et
595 2915 736 2948 Graeco.
773 2914 841 2948 Sed

107 2959 143 2992 in
197 2969 297 2993 raeco
321 2963 373 2994 est
390 2959 548 3002 »λάκκους
565 2959 722 3004 ὥρυξσιν.”
757 2960 841 2992 Λακ-

109 3003 261 3049 κορύκται
286 3005 393 3050 igitur
408 3005 541 3039 dicendi
562 3010 673 3045 erant,
692 3016 759 3038 non
775 3004 840 3039 Pu-

108 3051 290 3093 teoryctae.
325 3049 406 3095 (Ios.
424 3051 578 3095 Scaliger
595 3052 616 3083 l.
633 3051 672 3094 l.)

152 3093 185 3128 b.
209 3093 422 3140 Puteoritae]
453 3097 667 3131 Vocabulum
695 3106 715 3129 a
736 3099 838 3142 puteo

914 2099 1081 2141 effictum,
1106 2103 1143 2133 ut
1168 2110 1271 2145 supra
1288 2111 1314 2133 c.
1336 2100 1385 2133 12.
1418 2101 1607 2134 Musoritae
1632 2112 1653 2134 a

913 2145 1076 2178 muribus.
1108 2146 1236 2179 Mirum
1252 2157 1332 2179 vero
1357 2146 1386 2179 si
1406 2147 1540 2191 proprie
1558 2158 1652 2180 acce—

912 2191 961 2235 pit
984 2190 1168 2231 Philaster,
1199 2203 1286 2236 quae
1315 2203 1374 2236 per
1401 2193 1604 2237 allegoriam
1631 2204 1653 2226 a.

911 2236 1076 2281 propheta
1092 2237 1182 2270 dicta
1198 2241 1293 2278 sunt,
1314 2238 1555 2283 propriamque
1572 2238 1651 2272 hae-

911 2282 999 2315 resin
1018 2282 1144 2315 exinde
1161 2282 1338 2316 confinxit.
1387 2283 1463 2324 (F.)

961 2350 988 2372 c.
1014 2350 1072 2384 per
1090 2339 1306 2384 prophetam]
1326 2340 1444 2373 lerem.
1461 2340 1574 2381 11.13.‚
1593 2342 1651 2375 ubi

910 2394 970 2428 per
998 2385 1093 2418 lacus
1124 2385 1265 2418 detritos
1290 2385 1472 2419 daemonia
1502 2391 1536 2419 et
1559 2387 1651 2420 idola

911 2429 1070 2474 intelligit
1085 2431 1292 2474 Apollinaris
1310 2431 1343 2464 iu
1361 2436 1482 2465 catena
1499 2432 1542 2465 ad
1559 2432 1650 2466 hune

909 2475 1032 2509 locum.
1074 2476 1149 2518 (F.)

972 2531 1003 2565 d.
1028 2534 1245 2578 praesentia]
1282 2533 1334 2567 Ita
1361 2534 1483 2579 scripsi
1518 2546 1578 2579 pro
1607 2546 1647 2568 eo

911 2577 1000 2621 quod
1031 2578 1314 2612 Helmstadiensis
1352 2580 1454 2614 editio
1488 2580 1647 2621 habebat,

906 2626 1150 2666 praescientia.
1181 2624 1295 2658 Verba
1319 2630 1434 2658 autem
1460 2636 1546 2670 quae
1563 2637 1647 2659 mox

911 2667 1010 2701 affert
1033 2673 1111 2703 sunt
1131 2668 1272 2711 Christi,
1297 2669 1368 2703 Ioh.
1386 2670 1441 2703 IV.
1463 2671 1512 2705 13.
1548 2671 1623 2712 (F.)

955 2735 984 2758 e.
1001 2724 1132 2771 Quippe
1143 2727 1218 2769 erit]
1236 2726 1411 2760 Fabricius
1425 2728 1552 2772 recepit
1562 2734 1645 2760 erac.

910 2769 976 2803 Sed
994 2771 1197 2816 scripturam
1214 2773 1392 2817 antiquam
1408 2773 1574 2806 revocavi.

955 2826 1035 2872 Cap.
1053 2828 1150 2862 XXI.
1167 2849 1210 2854 —
1227 2839 1256 2861 a.
1275 2829 1309 2862 in
1324 2829 1418 2862 libris
1433 2829 1643 2873 Regnorum]

908 2871 1010 2906 Libro
1035 2872 1089 2906 IV.
1108 2885 1137 2906 c.
1153 2874 1276 2907 XVIII.
1298 2874 1329 2907 4.
1353 2875 1449 2919 legas
1472 2874 1642 2907 Israelitas

908 2928 1016 2962 usque
1034 2918 1076 2951 ad
1090 2918 1193 2963 Regis
1216 2919 1384 2953 Hezekiae
1405 2924 1558 2964 tempora
1574 2930 1643 2952 ser-

931 2964 1002 2996 enti
1029 2973 1126 2997 aereo
1155 2964 1325 2998 adoluisse
1350 2966 1542 3005 incensum,
1570 2965 1642 2998 sive

928 3009 1067 3051 υμιᾶσαι.
1092 3008 1213 3043 Cetera
1246 3021 1290 3044 ex
1326 3010 1506 3043 traditione
1529 3020 1549 3042 a
1565 3009 1640 3044 Phi-

906 3053 1010 3087 lastro
1039 3053 1153 3087 addita
1169 3059 1259 3088 sunt.
1307 3055 1381 3096 (F).

952 3099 983 3132 b.
1007 3099 1160 3144 Moyses]
1186 3100 1286 3134 Num.
1302 3099 1398 3135 XXI.
1416 3100 1445 3134 9.
