2052 3374
338 821 674 881 HONORH
714 821 1478 884 AUGUSTODUNENSIS

542 948 611 992 DE
631 949 969 991 HAEREsissrs
991 950 1263 994 LIBELLUS.

131 1128 305 1224 Apud
324 1167 498 1210 Iudaeos
518 1168 686 1209 fuerunt
705 1168 782 1209 hae
805 1172 896 1210 octo
919 1168 1134 1211 haereses:

214 1238 425 1279 Pharisaei
447 1242 565 1278 erant
586 1236 725 1279 clerici
747 1237 1014 1290 Iudaeorum,
1044 1242 1085 1278 et
1114 1237 1308 1279 dicuntur
1328 1238 1474 1279 Divisi.
1526 1238 1686 1280 Horum
1711 1250 1777 1281 Cap·
1798 1251 1817 1274 1-

130 1305 315 1347 haeresis
337 1309 425 1346 erat
446 1305 555 1360 quod
575 1305 822 1347 traditiones
846 1320 940 1347 suas
962 1306 1253 1361 praeferebant
1272 1306 1481 1347 mandatis
1505 1306 1583 1347 dei.

215 1373 448 1416 Sadducaei
471 1379 588 1415 erant
607 1374 801 1415 monachi
822 1375 1069 1416 Iudaeorum
1091 1379 1132 1415 et
1153 1375 1349 1416 dicuntur
1369 1376 1484 1416 Iusti.
1526 1375 1685 1416 Horum
1711 1387 1776 1420 Cap.
1797 1388 1831 1412 11.

129 1442 314 1485 haeresis
341 1448 430 1484 erat
463 1443 574 1497 quod
608 1445 955 1484 resurrectionem
988 1458 1207 1499 corporum
1238 1444 1465 1497 negabant,
1502 1445 1685 1485 animam

131 1527 226 1554 cum
247 1526 416 1567 corpore
438 1513 607 1553 interire
629 1511 939 1567 praedicabant.
971 1512 1124 1566 Legem
1143 1512 1277 1566 Moysi
1294 1516 1554 1568 receperunt⁷
1577 1513 1681 1553 scri-

129 1584 202 1637 pta
220 1580 518 1636 prophetarum
539 1585 801 1635 respuerunt.

212 1648 362 1690 Esseni
384 1649 554 1704 quidam
568 1648 818 1690 Iudaeorum
833 1649 1033 1691 haeretici
1049 1651 1119 1704 qui
1137 1650 1283 1692 dicunt
1299 1651 1434 1705 ipsum
1453 1663 1543 1691 esse
1562 1649 1680 1691 Chri·
1709 1664 1775 1696 Cap.
1797 1665 1845 1689 111.

130 1721 240 1760 stum
263 1719 334 1772 qm·
355 1716 497 1759 docuit
515 1718 610 1760 illos
633 1731 800 1759 omnem
821 1718 1132 1759 abstinentiam.

214 1786 468 1828 lMasbothei
489 1786 561 1827 alii
587 1786 785 1827 haeretici
814 1788 884 1841 qui
913 1786 1058 1828 dicunt
1084 1789 1223 1843 ipsum
1252 1801 1343 1829 esse
1372 1786 1583 1829 Christum
1612 1789 1682 1842 qui
1708 1797 1773 1829 Car>-
1794 1797 1840 1822 lv-

130 1853 271 1898 docuit
290 1854 383 1897 illos
403 1857 448 1896 in
469 1857 581 1897 omni
600 1869 644 1896 re
667 1855 938 1897 sabbatizare.

214 1923 411 1966 Genistae
432 1923 633 1965 haeretici
655 1924 705 1965 de
728 1924 886 1965 semine
907 1924 1100 1966 Abrahae
1123 1938 1167 1966 se
1188 1925 1425 1979 gloriantes.
1472 1926 1521 1966 In
1541 1925 1680 1980 Baby·
1707 1935 1772 1967 Cap·
1791 1936 1822 1959 V-

128 1991 221 2034 lone
244 1994 397 2048 quippe
418 1992 488 2033 alii
509 1992 653 2034 Iudaei
674 1994 845 2046 paganis
866 1993 1125 2046 mulieribus,
1147 1993 1217 2035 alii
1238 1994 1437 2035 Israelitis
1459 1995 1592 2047 mixti,
1615 2009 1679 2035 re—

128 2061 239 2103 versi
258 2061 303 2102 in
322 2060 585 2102 Hierusalem
605 2061 657 2102 ab
681 2061 793 2103 omni
820 2062 970 2117 populo
1000 2075 1043 2104 se
1072 2062 1325 2117 diviserunt7
1352 2067 1393 2105 et
1419 2063 1498 2106 hoc
1527 2077 1678 2105 nomen

127 2129 352 2171 iactantiae
374 2129 454 2171 sibi
475 2134 755 2184 sumpserunt.

212 2198 407 2240 Meristae
426 2198 627 2240 haeretici
649 2198 850 2253 quosdam
870 2198 1092 2255 prophetas
1113 2201 1341 2257 recipiunt,
1369 2201 1572 2256 quosdam
1595 2215 1680 2244 non
1706 2211 1771 2245 Cap·
1791 2212 1837 2237 VI·

130 2266 349 2323 recipiunt.

214 2335 442 2377 Samaritae
455 2334 654 2376 haeretici
671 2335 801 2377 solam
812 2335 946 2391 legem
958 2338 1210 2391 custodiunt,
1226 2339 1451 2395 prophetas
1462 2343 1677 2395 respuunt.
1705 2350 1769 2382 Cap·
1791 2350 1851 2375 VH-

212 2403 600 2459 Hemerobaptistae
630 2403 830 2446 haeretici
860 2405 1011 2448 cotidie
1041 2407 1292 2449 vestimenta
1327 2412 1368 2448 et
1399 2422 1571 2464 corpora
1606 2423 1680 2451 sua
1705 2419 1770 2453 Cap·
1791 2418 1867 2445 ‘'111-

129 2472 283 2515 lavant.

601 2600 656 2628 DE
676 2601 914 2630 HAERETICIS
935 2603 1194 2632 PAGANORUM.

212 2677 453 2735 Philosophi
484 2681 602 2719 erant
625 2678 885 2733 patriarchae
913 2680 1237 2733 haereticorum,
1266 2680 1376 2722 inter
1406 2695 1508 2736 quos
1535 2681 1674 2737 plures

130 2747 298 2790 suerunt
317 2747 524 2789 haereses.

214 2815 441 2858 1Platonici
462 2829 486 2857 a
505 2814 677 2883 Platone
699 2814 815 2870 dicti,
840 2817 908 2872 qui
930 2815 1052 2859 deum
1073 2819 1255 2872 animas,
1276 2817 1444 2873 angelos
1464 2831 1560 2860 vero
1585 2833 1674 2862 cor-
1700 2830 1766 2866 cap.
1785 2832 1831 2859 ιιι.

220 2927 302 2974 Cap.
317 2927 375 2964 IV.
392 2949 436 2954 —
463 2928 491 2963 1.
518 2927 612 2972 Vulq.
629 2927 840 2963 Marbonaei.

220 2973 302 3020 Cap.
317 2973 379 3009 IX.
395 2995 440 3000 —
466 2975 495 3008 1.
511 2973 628 3008 Isidor.
643 2973 761 3019 Origg.
770 2973 858 3015 VIII,
872 2974 902 3015 6,
917 2974 947 3008 7.
967 2973 1152 3016 „Platonici
1169 2986 1189 3009 a
1204 2975 1345 3011 Platone
1361 2977 1564 3023 philosopho
1582 2978 1674 3013 dicti.

129 3018 173 3054 Hi
189 3020 383 3054 animarum
399 3024 587 3054 creatorem
604 3030 678 3053 esse
695 3019 813 3060 deum,
836 3031 1018 3065 corporum
1042 3022 1183 3066 angelos
1201 3028 1378 3066 asserunt,
1404 3027 1437 3058 et
1452 3028 1530 3070 post
1547 3025 1672 3060 multos

131 3074 300 3100 annorum
315 3065 460 3100 circulos
475 3066 511 3100 in
529 3065 662 3100 diversa
679 3076 821 3112 corpora
837 3065 946 3100 redire
963 3066 1096 3100 animas
1113 3067 1260 3103 dicunt.''
