2052 3374
1678 174 1758 216 379

203 296 263 319 sae
277 287 412 319 tractat.
428 284 460 318 3.
478 294 505 318 c.
528 283 659 319 XXIII.
705 283 851 318 Albinus
874 282 1041 317 AIcuinus
1063 285 1263 328 praeceptor
1284 280 1402 315 Karoli
1424 278 1547 324 Magni
1571 278 1612 312 de
1636 277 1760 311 divinis

204 330 327 365 officiis
343 330 402 364 fol.
422 330 518 364 1994.
537 334 570 364 et
585 330 644 364 fol.
662 329 761 364 2015.
809 329 959 363 Thomas
975 329 1130 374 Aquinas
1147 339 1235 362 sum.
1252 327 1283 361 3.
1302 330 1434 372 quaest.
1450 325 1598 359 LXXX.
1615 324 1760 358 articulo

204 376 260 411 IV.
295 376 485 420 Dionysius
507 376 718 421 Areopagita
742 375 812 420 περὶ
837 378 891 418 τῆς
915 374 1180 417 ἐκκλησιαστικῆς
1198 372 1362 418 ἱεραρχίας
1386 384 1419 417 p.
1440 371 1514 405 113.
1532 370 1608 404 221.
1634 374 1667 404 et
1686 370 1760 404 141.

205 421 290 460 Τοὺς
307 420 342 455 δὲ
359 422 640 467 κατηγουμένους,
659 420 905 478 ἐνερῖουμένους
928 433 979 464 τε,
1001 420 1055 453 καὶ
1076 420 1151 459 τοὺς
1174 418 1204 451 ἐν
1231 418 1384 464 μετανοία
1408 414 1521 461 ὄντας,
1545 415 1562 449 ὁ
1588 418 1643 459 τῆς
1668 414 1761 461 ἁγίας

203 467 367 513 ἱεραρχίας
385 463 502 513 θεσμῗος
528 466 634 512 ἐφίησι
657 466 712 512 μὲν
734 470 914 500 επακοῦσαι
935 469 990 508 τῆς
1009 465 1172 510 ὼαλμικῆς
1189 464 1390 510 ἱερολογίας,
1415 463 1468 496 καὶ
1485 465 1540 505 τῆς
1567 461 1676 495 ἐνθέου
1696 463 1761 494 τῶν

205 525 363 559 πανιερων
382 515 516 567 γραφῶν
534 511 758 558 ἀναγνώσεως,
785 511 825 551 εἰς
844 511 878 545 δὲ
895 511 950 550 τὰς
968 510 1036 554 ἑξῆς
1057 510 1236 556 ἱερουργίας
1262 510 1314 543 καὶ
1333 509 1466 554 θεωρίας
1490 508 1527 542 οὗ
1552 508 1763 554 συγκαλεῖται

204 559 357 603 τούτους,
381 548 467 592 am&
484 559 557 599 τοὺς
582 558 721 598 τελείους
743 563 809 592 τῶν
834 557 1068 602 τελεσιουργῶν
1092 554 1292 602 ὀφθαλμοὺς.
1332 555 1593 590 Cateclmmenos
1621 561 1653 587 et
1670 567 1763 588 ener-

202 617 375 649 qumenos,
399 609 516 650 quique
533 609 568 639 in
579 608 792 650 paenitentia
810 611 901 644 suut,
926 611 1068 637 sanctae
1085 602 1308 636 hierarchiae
1325 614 1392 635 mos
1402 604 1539 647 patitur
1556 602 1686 646 quidem
1704 613 1763 634 au-

207 653 282 685 dire
297 663 437 685 sacram
448 652 656 696 psalmorum
670 652 936 690 modulationem,
955 651 1167 693 divinamque
1179 661 1360 682 sacrarum
1372 650 1625 693 scripturarum
1639 650 1763 680 recita-

206 700 342 731 tionem.-
361 699 409 731 ad
423 710 529 730 sacra
548 704 656 730 autem
670 709 786 742 opera,
804 708 889 741 quae
903 697 1060 740 deincep-s
1072 702 1260 738 sequuntur,
1280 702 1376 739 atque
1391 696 1548 737 mysteria
1563 694 1763 738 spectanda,

205 755 270 777 nou
286 755 340 777 eos
358 749 530 784 convocat,
544 745 605 776 sed
614 746 785 788 perfectos
802 743 912 775 oculos
930 754 1050 781 eorum,
1069 744 1126 786 qui
1139 742 1235 783 (liqui
1247 748 1331 775 sunt.
1358 739 1557 773 Notandum
1570 745 1686 773 autem
1699 737 1764 772 hoc

204 790 281 823 loco
300 789 392 834 quod
409 790 492 823 olim
508 789 624 834 pueris
642 800 760 822 recens
783 788 964 833 baptizatis
981 787 1062 820 data
1079 785 1297 820 eucharistia.
1336 785 1501 819 Paulinus
1526 786 1677 831 episcop.
1695 784 1764 819 No-

204 835 259 869 lae
277 835 319 868 ad
336 835 503 869 Severum
520 835 619 880 epist.
633 834 712 868 XII.
730 834 846 878 Cyrill.
862 833 1091 877 Hierosolym.
1109 831 1278 866 cateches.
1293 832 1324 865 3.
1337 832 1519 865 illuminat.
1532 832 1762 875 Hierosolym.

205 881 265 915 fol.
280 880 334 915 23.
353 880 546 926 Cyprianus
561 880 601 914 de
619 881 723 926 lapsis
737 880 796 913 fol.
806 879 882 914 222.
907 879 1124 923 Augustinus
1139 878 1274 911 tom.X.
1289 877 1486 912 sermXIII.
1502 878 1542 910 de
1555 877 1668 910 verbis
1683 888 1764 922 apo-

207 926 289 961 stoli
303 926 363 962 fol.
379 927 454 960 197.
472 927 515 960 ad
531 926 688 961 Bonifac.
708 926 807 970 epist.
822 925 953 959 XXIII.
973 925 1016 958 ad
1033 925 1183 957 Vitalem
1201 925 1299 968 epist.
1315 923 1398 957 CVI.
1439 923 1567 957 Contra
1591 923 1676 956 duas
1695 924 1764 968 epi-

207 973 316 1007 stolas
332 972 509 1017 Pelagian.
525 973 584 1006 lib.
597 972 623 1005 Ι.
641 983 714 1017 cap.
728 971 842 1006 XXII.
866 972 927 1006 lib.
943 970 999 1005 lv.
1025 981 1100 1015 cap.
1114 970 1170 1004 lv.
1197 970 1237 1003 de
1258 974 1479 1014 peccatorum
1502 970 1633 1003 meritis
1658 980 1697 1003 ac
1714 981 1764 1002 re-

206 1017 373 1052 missione
389 1019 448 1052 lib.
458 1018 483 1053 I.
498 1018 662 1063 cap.XX.
687 1019 796 1051 Autor
808 1016 1020 1062 hypognost.
1033 1016 1125 1061 apud
1138 1016 1322 1060 Augustin.
1337 1015 1502 1050 tonstss.
1522 1015 1565 1048 ad
1583 1015 1763 1049 articul.V.

206 1064 266 1098 fol.
281 1064 357 1098 956.
387 1064 554 1104 Quomodo
570 1067 672 1097 vitam
691 1067 789 1107 reyuz'
806 1064 973 1096 caelorum
987 1065 1186 1107 promittitis
1197 1063 1358 1106 parvuli-5
1383 1074 1444 1094 uon
1469 1064 1601 1094 renatis
1618 1073 1657 1094 ex
1675 1074 1764 1106 aqua

208 1117 241 1144 et
254 1113 389 1156 spiritu,
407 1123 471 1144 non
488 1110 612 1144 cibatis
629 1122 734 1143 carne
751 1109 992 1154 (Bellarmiuus
1009 1109 1098 1142 falso
1113 1119 1219 1141 unam
1236 1108 1386 1152 speciem
1403 1107 1527 1140 saltem
1551 1107 1667 1140 datam
1684 1118 1766 1152 pue-

206 1156 254 1190 ris
271 1156 391 1190 scribit
406 1155 447 1189 de
466 1155 673 1189 eucharistia
688 1156 747 1189 lib.
761 1155 818 1190 IV.
838 1166 911 1200 cap.
926 1154 1072 1198 XXIV.)
1091 1161 1188 1198 atque
1212 1166 1275 1187 non
1294 1157 1423 1198 potatis
1445 1157 1609 1197 sanquine
1628 1153 1766 1193 Clo-isti,

208 1204 374 1247 quifusus
387 1209 435 1236 est
446 1204 483 1234 in
495 1204 719 1235 remissionem
729 1209 961 1247 peecatorum.
981 1200 1070 1234 Ecce
1085 1213 1145 1233 nou
1161 1201 1362 1245 baptizatus,
1382 1201 1481 1232 titali
1493 1203 1591 1233 etiam
1608 1200 1690 1239 cibo,
1704 1212 1765 1243 po-

208 1249 344 1293 culoque
354 1250 533 1293 privatu8,
559 1249 723 1281 dividitur
747 1261 768 1280 a
793 1260 895 1291 refluo
914 1248 1099 1287 caelorum,
1126 1248 1271 1290 ubisous
1289 1248 1465 1279 viz-entium.
1472 1252 1653 1290 permanet
1669 1245 1766 1278 Chri-

207 1301 287 1328 stus.
313 1293 357 1328 Et
371 1292 456 1327 haec
475 1294 687 1327 consuetudo
704 1293 903 1338 perduravit
920 1304 1029 1337 usque
1047 1293 1090 1325 ad
1105 1291 1224 1325 Karoli
1235 1292 1357 1335 Magni
1374 1302 1507 1324 aevum.
1532 1291 1571 1324 In
1585 1291 1767 1336 capitulari

209 1340 304 1373 enim
319 1340 394 1373 eius
410 1339 470 1373 lib.
483 1339 509 1373 I.
527 1351 601 1385 cap.
617 1339 735 1374 CLXI.
754 1339 955 1373 constitutio
972 1339 1116 1383 legitur,
1135 1345 1172 1371 ut
1181 1338 1360 1383 presbyter
1375 1350 1505 1382 semper
1522 1337 1766 1371 eucharistiam

209 1385 336 1420 lrabeat
344 1393 523 1431 paratam,
541 1393 576 1419 ut
592 1387 724 1431 quando
743 1389 815 1430 quis
832 1388 1064 1430 infirmat-erit,
1086 1390 1147 1417 aut
1156 1385 1324 1428 pari-ulus
1341 1385 1627 1427 infirmus-fuerit,
1652 1386 1767 1416 statim

209 1443 281 1465 eum
298 1434 524 1472 communicet,
541 1444 581 1465 ne
597 1435 669 1465 sine
688 1435 910 1465 communione
927 1434 1104 1465 moriatur.
1128 1429 1171 1464 Et
1188 1430 1262 1463 eius
1279 1434 1481 1475 praeceptor
1493 1429 1639 1462 Albinus
1655 1430 1767 1462 Alcui-

208 1489 275 1512 nus
293 1477 334 1511 de
351 1477 476 1511 divinis
495 1477 619 1512 officiis
635 1477 694 1512 fol.
717 1477 813 1511 1971.
837 1478 1120 1510 Praecaveuclum
1138 1482 1187 1510 est
1202 1476 1340 1520 (inquit)
1359 1482 1393 1509 ut
1408 1478 1557 1519 iusantes
1575 1488 1692 1508 recens
1709 1476 1767 1508 ba·

207 1526 340 1569 pti-rati,
358 1524 482 1556 nullum
500 1524 608 1557 cibum
626 1526 820 1568 accipiant,
847 1536 950 1568 neque
974 1524 1157 1562 lactentur,
1184 1529 1361 1566 autequam
1385 1525 1634 1554 communicent.
1673 1521 1767 1554 Idem

210 1569 383 1603 sancitum
399 1570 434 1603 in
453 1568 578 1603 Ordine
594 1569 769 1611 Romano,
795 1580 898 1614 quem
914 1567 1081 1602 Melchior
1097 1568 1287 1612 Hittorpius
1311 1567 1486 1611 vulgavit3
1511 1572 1544 1600 et
1567 1567 1768 1601 observatur

210 1615 316 1649 etiam
330 1626 424 1649 nunc
439 1626 461 1648 a
476 1615 639 1649 Bohemis
657 1620 692 1649 et
706 1616 877 1656 Morayis,
902 1620 940 1648 ut
964 1619 1063 1648 notat
1084 1613 1280 1647 loachimus
1298 1613 1474 1646 Yadianus
1493 1613 1533 1646 de
1551 1619 1766 1647 sacramento

210 1661 438 1695 eucharistiae
454 1661 512 1695 lib.
526 1661 551 1695 Ι.
568 1661 627 1695 fol.
645 1662 695 1696 14.
714 1662 773 1696 lib.
788 1661 819 1694 2.
835 1661 894 1694 fol.
908 1661 963 1694 40.
987 1660 1133 1693 Iacobus
1150 1659 1323 1693 Pamelius
1348 1660 1383 1692 111
1401 1659 1551 1693 adnotat.
1575 1659 1619 1692 ad
1635 1659 1768 1693 Tertul-

208 1707 292 1741 lian.
316 1707 357 1741 de
378 1708 553 1752 baptismo
575 1707 634 1741 fol.
648 1707 725 1741 470.
748 1712 847 1752 putat
870 1706 960 1740 hunc
985 1717 1117 1740 morem
1140 1710 1217 1739 tum
1241 1705 1432 1745 sublatum,
1460 1705 1596 1750 quando
1621 1706 1770 1739 cessavit

209 1752 407 1787 adultorum
430 1754 639 1798 baptismus,
669 1758 703 1786 et
724 1759 817 1786 certa
840 1753 898 1786 illa
923 1752 1118 1797 baptizandi
1140 1757 1298 1797 tempora
1321 1752 1469 1796 amplius
1494 1752 1675 1785 observata
1699 1763 1768 1785 non

209 1802 309 1841 sunt,
334 1800 378 1833 ob
400 1800 595 1845 periculum
616 1799 870 1834 irreverentiae.
912 1798 996 1832 Utut
1020 1799 1081 1839 sit,
1106 1809 1186 1832 cum
1209 1797 1399 1831 secundum
1417 1798 1590 1831 monitum
1615 1797 1652 1832 S.
1669 1797 1769 1831 Pauli

207 1845 224 1879 I
241 1844 393 1879 Corinth.
417 1856 491 1890 cap.
504 1845 566 1879 XI.
592 1845 635 1878 ad
657 1844 721 1878 hoc
745 1845 951 1889 mysterium
973 1845 1169 1889 requiratur
1183 1847 1238 1878 sui
1247 1844 1425 1888 probatio,
1450 1848 1483 1876 et
1507 1846 1622 1877 mortis
1644 1845 1770 1877 domini

210 1894 442 1932 annunciatio,
459 1903 530 1925 non
546 1891 644 1925 video
664 1891 837 1936 quomodo
855 1891 1025 1924 institutio
1050 1889 1151 1923 huius
1169 1890 1376 1923 sacramenti
1392 1890 1562 1934 pertineat
1585 1889 1627 1923 ad
1643 1900 1768 1934 parvu-

207 1937 272 1980 los,
290 1937 351 1982 qui
366 1936 490 1971 horum
506 1936 592 1971 nihil
607 1942 782 1982 praestare
800 1942 957 1981 possunt,
972 1937 1104 1970 ratione
1119 1937 1247 1981 quippe
1264 1935 1426 1969 destituti.
1452 1936 1557 1969 Recte
1571 1935 1678 1980 igitur
1691 1947 1768 1969 cen-

209 1986 263 2017 set
278 1982 448 2017 Iohannes
474 1983 515 2016 de
541 1983 673 2017 Gerson
698 1983 837 2017 cancell.
854 1982 1077 2022 Parisiensis,
1102 1987 1183 2015 tunc
1208 1982 1322 2026 pueris
1347 1980 1595 2015 eucharistiam
1619 1981 1769 2015 dandam

208 2040 288 2063 cum
304 2029 348 2063 ad
363 2029 555 2074 perfectum
572 2040 676 2062 usum
688 2029 842 2070 rationis,
861 2039 898 2061 ac
918 2028 1132 2062 discretionis
1151 2039 1259 2061 annos
1276 2028 1506 2072 pervenerint.
1543 2028 1600 2062 Sic
1618 2028 1709 2061 enirn
1727 2027 1768 2061 de

208 2075 444 2109 communion.
453 2075 570 2109 laicor.
581 2075 645 2108 sub
658 2079 804 2119 utraque
819 2075 931 2119 specie
944 2078 1031 2119 part.
1045 2074 1070 2107 I.
1085 2074 1146 2108 fol.
1162 2074 1212 2108 17.
1227 2078 1260 2107 et
1272 2074 1309 2107 in
1321 2074 1451 2118 regulis
1466 2075 1622 2108 moralib.
1640 2078 1726 2118 part.
1738 2074 1768 2107 ’2.

207 2120 268 2156 fol.
283 2120 336 2154 75.
355 2121 488 2154 scribit:
508 2121 570 2154 Illi
579 2123 685 2165 pueri
700 2127 776 2153 sunt
793 2122 905 2154 idonei
919 2123 1091 2165 suscipere
1108 2120 1368 2160 eucharistiam,
1395 2127 1427 2154 et
1447 2122 1496 2153 acl
1511 2120 1572 2154 hoc
1591 2121 1699 2164 liyari
1723 2122 1769 2152 vi-

209 2168 330 2200 dentur
345 2167 447 2199 semel
463 2170 495 2199 iu
514 2179 611 2206 (tuno,
630 2169 687 2211 qui
701 2168 880 2199 secuudum
897 2167 986 2209 [eyes
1003 2173 1179 2199 censentur
1195 2166 1326 2199 habiles
1344 2167 1392 2199 acl
1409 2167 1602 2199 nubendum.

274 2211 357 2246 Illos
375 2216 492 2246 autem
510 2213 568 2256 qui
584 2223 654 2245 non
671 2212 707 2245 in
725 2216 845 2245 sancta
859 2212 1022 2245 trinitatis
1039 2211 1271 2256 invocatione]
1313 2211 1485 2252 Quoniam
1509 2212 1625 2245 nullus
1643 2215 1695 2245 est
1712 2212 1769 2245 ba-

207 2258 368 2303 ptismus,
386 2258 415 2291 si
431 2258 467 2291 in
484 2257 552 2291 fide
570 2257 605 2290 S.
618 2258 796 2291 Trinitatis
819 2269 888 2291 non
905 2258 1014 2291 datur.
1054 2258 1286 2302 Hieronymus
1303 2258 1340 2291 111
1356 2257 1485 2290 10010111
1502 2270 1575 2302 cap.
1591 2257 1621 2292 12.
1639 2257 1699 2292 fol.
1715 2257 1769 2291 86.

207 2303 378 2348 Didymus
401 2303 442 2336 de
465 2303 528 2337 SS.
545 2303 604 2337 lib.
619 2303 649 2338 2.
674 2303 733 2338 fol.
753 2303 828 2338 224.
863 2303 1010 2348 Cyrinus
1034 2304 1264 2348 Hierosolym.
1288 2304 1323 2337 111
1341 2303 1366 2337 I.
1385 2303 1561 2337 Cateches.
1584 2304 1769 2338 illuminat.

206 2349 436 2394 Hierosolym.
447 2348 668 2382 Firmilianus
680 2348 816 2383 Caesar.
827 2348 1063 2394 Cappadociae
1082 2351 1232 2395 episcop.
1244 2350 1334 2395 apud
1346 2349 1506 2394 Cyprian.
1518 2350 1617 2394 epist.
1628 2349 1769 2383 LXXV.

206 2395 446 2430 Damascenus
465 2394 505 2428 de
522 2394 589 2428 fide
608 2394 789 2430 orthodox.
809 2395 867 2428 lib.
880 2395 937 2430 IV.
967 2407 1039 2440 cap.
1053 2396 1100 2431 X.
1141 2396 1346 2440 Fulgentius
1373 2396 1415 2428 ad
1438 2396 1614 2429 Donatum
1637 2395 1677 2428 de
1701 2395 1769 2428 fide

209 2440 404 2476 orthodoxa
419 2440 477 2474 fol.
496 2441 550 2474 94.
574 2441 769 2484 Illy-sterium
788 2443 1027 2486 redemptioni-s·
1045 2442 1212 2475 humanae
1231 2443 1323 2474 uuila
1339 2445 1470 2474 ratione
1478 2443 1669 2486 perficitur,
1687 2445 1718 2474 si
1736 2444 1769 2474 in

209 2488 373 2533 baptismo
391 2487 532 2530 velfilai,
554 2487 605 2519 cel
619 2489 764 2531 spiritu-s
779 2491 893 2520 sam-ti
911 2488 1103 2520 vocabulum
1121 2487 1345 2521 subtrahitur.

274 2532 448 2575 Pauliani]
472 2531 663 2566 Concilium
679 2531 869 2566 Nicaenum
887 2544 962 2577 cap.
982 2533 1080 2568 XIX.
1108 2534 1161 2566 De
1178 2533 1442 2566 Pauliniam‘stis
1455 2534 1503 2566 ad
1515 2535 1691 2566 eccle-siam
1712 2546 1770 2565 ea-

209 2579 367 2613 tholicam
385 2578 666 2622 corlfiiyientibus,
693 2580 839 2622 definitio
870 2580 994 2611 wolata
1012 2586 1076 2619 est,
1101 2585 1138 2611 ut
1153 2580 1362 2623 baptizentur
1379 2580 1583 2613 omnimodis.
1611 2578 1770 2623 Epitome

208 2625 244 2660 S.
264 2625 447 2660 Canonum
461 2623 521 2658 fol.
539 2623 595 2658 47.
623 2622 753 2658 Concil.
772 2623 850 2657 Cart
879 2625 1044 2668 aginense
1062 2625 1118 2659 VI.
1144 2635 1217 2669 cap.
1232 2624 1331 2657 XIX.
1365 2623 1493 2658 Concil.
1519 2624 1709 2657 Arelatens.
1726 2624 1768 2658 II.

207 2681 283 2716 cap.
297 2670 392 2705 XVI.
420 2669 579 2703 Gelasius
601 2669 642 2702 de
666 2670 751 2703 actis
769 2670 890 2704 concil.
916 2669 1037 2703 Niceni
1052 2681 1085 2714 p.
1106 2670 1180 2704 1158.
1206 2670 1260 2702 lus
1280 2669 1626 2703 Graeco-Romanum
1644 2675 1727 2703 tom.
1746 2670 1769 2704 Ι.

206 2717 267 2752 fol.
286 2715 363 2752 378.
404 2716 466 2750 Isti
482 2719 598 2749 autem
616 2725 635 2748 a
651 2714 758 2748 Paulo
777 2715 1008 2748 Samosateno
1026 2715 1189 2760 appellati
1206 2721 1303 2755 sunt,
1330 2715 1387 2759 qui
1405 2714 1577 2748 Christum
1597 2716 1699 2748 deum
1717 2715 1771 2749 dei

206 2762 318 2797 filium
333 2762 602 2802 substantivum,
621 2764 653 2794 et
670 2761 898 2806 personalem,
917 2765 950 2794 et
967 2762 1233 2805 sempiternum,
1252 2772 1320 2794 nou
1338 2772 1474 2805 semper
1489 2761 1598 2794 fuisse
1616 2772 1695 2794 cum
1712 2772 1770 2806 pa-

206 2812 258 2842 tre
275 2808 365 2850 dicit,
383 2807 443 2842 sed
461 2808 534 2841 eius
552 2807 687 2848 initum,
705 2818 749 2840 ex
767 2818 834 2851 quo
853 2806 893 2839 de
909 2807 1019 2840 Maria
1036 2811 1138 2840 natus
1157 2811 1218 2847 est,
1237 2811 1427 2846 asseverat,
1446 2818 1506 2839 nec
1525 2818 1603 2839 euin
1622 2808 1769 2851 amplius

207 2854 338 2900 aliquid
361 2865 467 2899 quam
488 2853 666 2887 hominem
687 2856 796 2897 putat.
815 2853 1000 2897 Augustin.
1026 2852 1066 2886 de
1083 2851 1215 2886 haeres.
1233 2863 1306 2897 cap.
1319 2852 1441 2887 XLIV.
1473 2852 1710 2886 Damascenus
1729 2853 1770 2886 de

207 2899 340 2934 haeres.
355 2900 415 2934 fol.
433 2899 511 2933 580.
527 2897 729 2932 Philastrius
745 2897 877 2932 haeres.
889 2898 1012 2932 LXIV.

273 2945 458 3025 Ρὶἒεῌᾶηί]
482 2945 682 2979 Docuerunt
705 2943 881 2978 Christum
903 2955 975 2978 non
997 2945 1032 2978 in
1057 2955 1158 2978 carne
1175 2944 1322 2979 venisse.
1349 2944 1564 2989 Augustinus
1582 2944 1622 2978 de
1640 2943 1769 2978 haeres.

207 3002 282 3037 cap.
361 3020 368 3027 .

274 3036 492 3081 Borboritae]
518 3036 555 3071 Id
573 3040 635 3079 est,
653 3037 812 3078 coenosi,
829 3040 967 3082 propter
984 3036 1233 3082 turpitudinem
1251 3047 1355 3082 quam
1374 3036 1539 3071 exhibent
1554 3036 1590 3070 in
1607 3037 1678 3071 suis
1695 3048 1770 3082 my-
