2052 3374
538 203 588 228 DE
607 203 908 229 ECCLESIASTICIS
927 202 1181 228 DOGMATIBUS.
1554 203 1635 244 339

91 319 307 362 corporeus
329 306 525 360 creditur,
548 308 644 361 quia
662 308 815 362 ubique
839 311 902 348 est
923 312 963 348 et
979 306 1274 361 omniaimplet
1290 310 1413 361 atque
1431 307 1635 348 constrin-

90 376 168 428 git:
191 375 256 416 3et
276 374 367 416 ideo
388 375 612 417 invisibilis
634 376 826 417 omnibus
850 377 1062 429 creaturis,
1085 377 1182 429 quia
1201 375 1467 430 incorporeus
1489 378 1564 416 est.

175 443 371 485 Creatura
398 446 532 485 omnis
562 458 756 499 corporea
783 448 864 496 est,
892 444 1028 498 angeli
1056 447 1097 484 et
1117 457 1260 485 omnes
1283 443 1484 485 caelestes
1505 445 1635 484 virtu·
1662 453 1728 485 0111).
1748 454 1808 478 XH-

89 514 152 552 tes
174 511 430 567 ¹corporeae,
451 512 547 553 licet
567 526 650 554 non
673 526 794 554 carne
816 512 1058 553 subsistant.
1108 512 1169 553 Ex
1190 525 1235 553 eo
1258 516 1398 554 autem
1419 525 1636 567 corporeas

89 592 180 620 esse
202 580 409 621 credimus
431 581 735 622 intellectuales
759 585 991 633 creaturas,
1022 580 1130 634 quod
1156 580 1344 621 localiter
1374 582 1635 622 circumscri-

91 647 257 701 buntur,
279 649 386 690 sicut
408 654 448 689 et
469 651 607 690 anima
627 648 851 701 ι3111101000,
874 663 976 703 quae
1001 662 1124 689 carne
1147 648 1375 702 clauditur,
1404 653 1446 690 et
1468 649 1635 690 daemo—

88 729 178 769 nes,
199 717 269 770 qui
289 731 363 772 per
385 717 662 759 substantiam
684 717 893 771 angelicae
916 722 1087 758 naturae
1112 721 1220 759 sunt.

172 784 432 826 Immortales
455 799 546 827 esse
565 785 769 827 credimus
786 785 1090 827 intellectuales
1107 791 1291 839 naturas,
1314 786 1409 840 quia
1427 800 1549 827 carne
1568 800 1635 828 ca·
1663 802 1729 835 cap.
1749 803 1823 828 xin.

89 856 182 893 rent
199 866 277 894 nec
297 853 453 895 habent
473 868 551 908 quo
574 854 743 907 cadant,
764 858 811 894 ut
830 854 1129 895 resurrectione
1152 859 1300 907 egeant
1322 855 1439 909 1post
1459 856 1635 895 ruinam.

172 921 346 963 Animas
367 922 583 964 hominum
602 936 686 964 non
707 936 797 963 esse
819 922 870 963 ab
891 922 1009 963 initio
1030 923 1139 962 inter
1157 926 1316 963 ceteras
1332 923 1636 964 intellectuales
1663 940 1727 972 cap.
1748 941 1819 966 xiv.

88 990 271 1043 naturas,
291 1004 369 1032 nec
391 991 516 1032 simul
537 995 709 1043 creatas,
731 991 840 1032 sicut
861 990 1059 1044 Origenes
1076 991 1208 1044 fingit,
1230 1004 1364 1045 neque
1382 1006 1475 1033 cum
1493 1005 1636 1047 corpo-

91 1058 206 1100 ribus
226 1072 300 1114 per
328 1059 481 1101 coitum
508 1060 756 1100 1seminatas
765 1092 776 1112 ‚
806 1060 914 1100 sicut
933 1059 1207 1112 Luciferiani,
1239 1059 1416 1113 Cyrillus
1443 1064 1485 1100 et
1511 1060 1635 1114 aliqui

88 1125 328 1168 Latinorum
348 1132 680 1183 praesumptores
702 1128 924 1181 affirmant,
947 1128 1063 1182 quasi
1085 1131 1255 1168 naturae
1273 1126 1638 1182 200113011110111111111

88 1199 314 1237 servantes.
346 1196 428 1238 Sed
450 1196 625 1237 dicimus
649 1197 900 1238 creationem
921 1198 1083 1237 animae
1107 1196 1239 1237 solum
1261 1200 1488 1237 creatorem
1504 1199 1637 1238 omni-

89 1277 158 1304 um
184 1277 326 1317 nosse,
357 1269 398 1305 et
425 1279 572 1320 corpus
604 1268 765 1305 tantum
794 1278 867 1320 per
896 1266 1075 1317 coniugii
1105 1264 1294 1319 copulam
1323 1267 1541 1318 seminari,
1573 1266 1637 1306 dei

87 1345 183 1373 vero
204 1332 356 1374 iudicio
379 1333 583 1387 coagulari
606 1334 647 1373 in
671 1333 793 1374 vulva
814 1337 855 1373 et
877 1333 1083 1388 compingi
1109 1337 1232 1386 atque
1260 1333 1447 1386 formari,
1478 1350 1525 1374 ac
1556 1335 1635 1374 sor-

86 1405 197 1442 mato
216 1403 303 1442 iam
324 1415 492 1457 corpore
514 1403 697 1442 animam
719 1403 848 1442 creari
871 1406 910 1441 et
932 1400 1111 1453 infundi,
1133 1406 1178 1441 ut
1193 1403 1305 1442 vivat
1321 1403 1365 1442 in
1382 1406 1496 1443 utero
1514 1402 1635 1443 homo

88 1482 139 1510 ex
159 1469 298 1511 anima
319 1474 514 1511 constans
537 1474 577 1510 et
599 1483 788 1524 corpore,
817 1475 857 1510 et
879 1469 1112 1523 egrediatur
1140 1471 1258 1511 vivus
1281 1484 1331 1511 ex
1351 1474 1466 1512 utero
1491 1471 1635 1526 plenus

87 1536 269 1579 humana
289 1538 534 1580 substantia.
1289 1528 1301 1536 ’

170 1605 314 1661 Neque
337 1607 439 1648 duas
461 1608 620 1648 animas
643 1620 734 1647 esse
757 1607 934 1648 dicimus
957 1608 998 1648 in
1020 1621 1100 1648 uno
1122 1606 1311 1661 homine,
1333 1609 1443 1649 sicut
1463 1608 1636 1649 lacobus
1663 1627 1728 1659 cap.
1749 1628 1805 1653 xv.

88 1678 129 1714 et
149 1674 221 1715 alii
241 1674 462 1730 ¹Syrorum
483 1675 693 1728 scribunt,
721 1689 847 1716 unam
875 1675 1118 1728 animalem,
1147 1689 1226 1729 qua
1253 1677 1460 1717 animetur
1489 1691 1635 1731 corpus

87 1745 129 1783 et
148 1744 337 1784 immixta
358 1746 411 1785 sit
432 1746 646 1797 sanguini,
669 1749 709 1784 et
729 1744 901 1785 alteram
923 1744 1175 1799 spiritalem,
1204 1758 1308 1798 quae
1330 1746 1534 1786 rationem
1555 1748 1633 1786 mi-

87 1812 255 1853 nistret:
287 1812 362 1854 sed
393 1812 568 1854 dicimus
598 1827 723 1853 unam
756 1827 846 1853 esse
879 1812 1133 1867 eandemque
1165 1814 1347 1854 animam
1380 1816 1422 1855 in
1452 1814 1634 1866 homine,

89 1893 194 1934 quae
216 1885 258 1922 et
279 1895 426 1936 corpus
448 1895 523 1922 sua
550 1883 746 1923 societate
775 1882 977 1934 vivificet,
1008 1886 1048 1922 et
1077 1883 1346 1937 semetipsam
1375 1896 1450 1923 sua
1475 1883 1633 1923 ratione

89 1948 294 2004 disponat,
313 1949 472 1991 habens
495 1951 537 1990 in
559 1963 602 1990 se
623 1950 858 1991 libertatem
879 1950 1059 2002 arbitrii,
1088 1954 1134 1990 ut
1160 1949 1225 1990 2111
1254 1964 1351 1991 suae
1374 1952 1634 1993 substantiae

88 2017 212 2071 eligat
233 2019 480 2072 cogitatione
503 2018 611 2072 quod
633 2019 731 2059 vult.

172 2086 315 2128 Solum
334 2086 545 2127 hominem
569 2087 775 2127 credimus
799 2086 947 2128 habere
971 2088 1153 2128 animam
1174 2088 1501 2142 substantivam,
1530 2103 1633 2144 quae
1660 2108 1725 2140 (ηιμ,
1746 2108 1815 2133 xri.

89 2158 212 2196 exuta
233 2167 403 2209 corpore
424 2155 546 2207 vivit,
575 2159 616 2195 et
643 2169 791 2196 sensus
819 2170 914 2196 suos
944 2160 1066 2210 atque
1095 2157 1262 2209 ingenia
1282 2158 1482 2198 vivaciter
1504 2162 1631 2199 tenet.

88 2222 252 2278 ¹Neque
275 2236 369 2264 cum
387 2236 554 2277 corpore
572 2225 758 2278 moritur,
779 2225 887 2265 sicut
907 2223 1082 2265 2Aratus
1100 2226 1261 2277 asserit,
1283 2239 1415 2280 neque
1433 2231 1527 2281 post
1543 2241 1631 2268 mo—

88 2291 228 2333 dicum
247 2290 525 2344 intervallum,
546 2293 655 2333 sicut
675 2292 815 2334 Zenon
838 2292 951 2346 dicit,
973 2294 1068 2347 quia
1089 2294 1420 2335 substantialiter
1440 2294 1577 2337 3vivit.

172 2359 427 2402 Animalium
450 2373 546 2401 vero
568 2361 729 2401 animae
747 2374 829 2402 non
847 2366 944 2402 sunt
966 2361 1286 2415 lsubstantivae,
1309 2363 1381 2403 sed
1399 2377 1492 2404 011111
1511 2377 1633 2404 carne
1659 2377 1725 2407 cap·
1745 2375 1829 2400 Πυ-

88 2430 178 2484 ipsa
199 2428 334 2470 carnis
356 2426 601 2470 ²vivacitate
623 2434 864 2484 nascuntur,
886 2433 928 2471 et
949 2444 1042 2472 011111
1064 2432 1199 2472 carnis
1221 2435 1350 2473 morte
1373 2432 1572 2472 finiuntur
1593 2436 1634 2472 01

176 2507 207 2541 3.
224 2506 302 2541 Ideo
321 2511 355 2540 et
370 2508 420 2540 ed.
439 2507 589 2541 Elmenh.

177 2552 260 2598 Cap.
277 2552 354 2587 XII.
372 2573 415 2577 —
436 2552 462 2585 1.
480 2552 575 2585 MSS.
595 2553 720 2597 aliquot
735 2565 886 2599 corpore.
907 2553 1065 2599 (Bened.)
1121 2554 1151 2588 2.
1168 2554 1319 2588 humana
1337 2566 1395 2587 mm.
1414 2557 1464 2589 ed.
1479 2555 1631 2589 Elmenle.

177 2598 259 2644 Cap.
276 2598 369 2632 XIII.
395 2619 436 2623 —-
465 2598 491 2632 1.
516 2599 574 2631 Ita
599 2600 676 2634 edit.
699 2599 837 2641 Heneti.5
864 2607 895 2633 et
916 2602 987 2633 cod.
1007 2600 1156 2634 Florem.
1180 2604 1257 2645 post
1281 2600 1415 2634 ruinam
1437 2602 1633 2634 necessaria

89 2645 166 2679 edit.
184 2644 337 2679 Elmcnlz.

177 2689 258 2735 Cap.
275 2689 368 2724 XIV.
386 2710 427 2714 —
449 2689 476 2724 1.
506 2689 609 2733 Vulyo
626 2690 848 2732 seminantur,
868 2697 945 2723 ante
961 2690 1113 2724 Elmenle.
1132 2697 1161 2722 e!
1181 2690 1351 2723 Benedict.
1416 2692 1445 2724 2.
1464 2691 1559 2725 MSS.
1577 2704 1633 2725 sea:

88 2735 334 2781 consequentia
351 2736 553 2769 servientes:
573 2736 638 2768 aliz·
654 2743 719 2767 tres
736 2736 979 2781 consequentia
997 2736 1176 2769 serviente.
1219 2735 1404 2781 Benedicta
1483 2742 1486 2746 ’

177 2780 260 2827 Cap.
276 2781 353 2815 XV.
370 2801 413 2806 —
434 2781 460 2813 1.
479 2780 645 2824 Syrorum
663 2781 891 2825 disputatores
909 2781 1063 2814 scribunt
1079 2784 1157 2815 edit.
1210 2782 1338 2823 lmcnlt„
1357 2795 1395 2814 {fx
1409 2789 1536 2815 (nn-tur.
1556 2785 1628 2816 eod.

90 2826 237 2862 Florem.
307 2826 337 2861 2.
355 2826 451 2861 MSS.
470 2838 579 2860 omnes
596 2827 628 2859 111
648 2837 710 2859 sua
728 2827 930 2861 substantia.
957 2826 1116 2869 (Bmed.)

177 2872 259 2918 Cap.
279 2871 370 2906 XVI.
388 2893 430 2897 —
451 2872 478 2905 l.
497 2871 571 2905 Non
591 2873 668 2906 edit.
686 2872 838 2906 Elmcnlz.
887 2872 918 2906 2.
937 2872 1033 2906 MSS.
1049 2884 1157 2905 omues
1168 2873 1289 2906 Arabs.
1307 2873 1460 2917 (Bened.)
1478 2873 1628 2907 Elmenh.

89 2929 128 2950 ex
144 2919 217 2953 cod.
237 2917 384 2953 Florem.
399 2919 506 2951 edidit
520 2918 644 2950 Aratus
663 2921 719 2950 aut
737 2917 903 2962 Epicurea
919 2918 1051 2950 vanitas
1070 2918 1202 2952 asserit.
1279 2918 1310 2953 3.
1331 2919 1480 2952 Elmeulz.
1499 2931 1538 2952 ex
1554 2922 1627 2953 cod.

89 2962 238 2998 Floreat.
257 2966 459 2996 auctoritate
476 2964 583 2996 edidit
597 2963 690 3004 vivit,
709 2966 739 2996 et
758 2963 925 2997 rationem
943 2974 1041 2996 suam
1058 2967 1160 2997 tenet.

177 3008 258 3054 Cap.
275 3008 384 3044 XVII.
403 3029 445 3033 —
465 3008 493 3041 l.
510 3008 605 3041 JJSS.
625 3010 751 3052 aliquot
766 3009 990 3043 substantiae.
1009 3010 1073 3041 alii
1088 3009 1296 3044 substantes.
1317 3010 1475 3054 (Bened.)
1547 3013 1577 3044 L).
1596 3012 1627 3044 in

88 3054 264 3089 nativitate
282 3055 358 3089 edit.
378 3054 545 3088 Elmeulz..
572 3066 610 3087 cs
633 3056 702 3087 cod.
723 3054 870 3088 Florem.

1299 3114 1363 3146 22*
