2052 3374
1659 182 1739 224 399

198 286 249 321 illi
263 286 378 320 Iudaei
391 286 562 331 'principis
586 286 781 319 saerdotum
802 286 883 327 filii,
902 286 938 319 in
962 297 1047 330 quos
1072 285 1168 330 (dum
1183 285 1300 318 nescio
1324 295 1390 329 qua
1405 294 1495 318 vana
1511 284 1622 329 gloria
1637 284 1740 325 ducti,

199 343 269 366 non
286 331 460 366 credentes
476 332 511 365 in
527 332 652 373 Iesum,
677 332 861 365 daemonia
878 332 1047 376 expellere
1064 331 1198 371 volunt)
1222 331 1463 364 daemoniacus
1480 330 1610 371 insiliit,
1629 333 1661 363 et
1677 331 1740 363 mi-

199 388 273 411 sere
290 388 348 410 005
365 376 502 412 afflixit.
540 378 626 410 Acta
648 381 758 422 apost.
776 388 848 422 cap.
866 377 964 412 XIX.
983 388 1070 412 vers.
1098 377 1148 412 16.
1176 382 1208 410 et
1231 377 1316 410 inibi
1341 375 1568 410 Oecumenius
1586 379 1619 409 et
1634 375 1738 409 Beda.

197 423 289 456 Petri
305 422 411 456 Siculi
424 421 568 456 historia
583 433 661 468 pag.
679 423 732 456 57.

266 489 348 536 Cap.
363 490 539 525 LXXXV.
557 511 600 516 -—
630 491 747 535 Signis
765 494 798 524 et
838 491 979 535 rodigiis
997 491 1125 524 clarum
1140 490 1214 524 fieri
1232 489 1464 524 Christianum
1480 501 1549 523 non
1566 490 1738 533 sanctum]

199 535 390 581 Cyprianus
413 536 453 569 de
475 536 560 570 unit.
585 536 704 570 eccles.
726 536 785 570 fol.
810 536 885 569 232.
924 536 1134 580 Pt'oplietare
1158 542 1190 569 et
1210 538 1386 569 daemonia
1410 537 1594 575 excludere,
1619 543 1651 569 et
1672 538 1740 568 vir-

199 587 280 615 tutes
295 593 439 625 maqnas
455 584 490 614 in
507 585 606 615 terris
613 584 746 625 facere,
763 582 911 614 sublimis
929 584 1037 625 titique
1055 587 1085 613 et
1101 582 1315 614 ‹ulme'rctbz'le‘s
1333 594 1384 614 res
1402 587 1464 621 est,
1484 594 1545 613 non
1563 589 1670 614 tamen
1688 593 1740 614 re-

195 639 296 671 ymcm
313 628 453 661 caeleste
470 630 687 672 consequitur,
712 630 844 671 quisque
860 629 896 659 in
913 626 965 659 liis
981 627 1127 659 omnibus
1145 629 1318 666 invenitur,
1344 629 1410 659 nisi
1431 630 1516 659 recti
1540 633 1571 659 et
1590 629 1670 660 iusti
1687 629 1740 659 iti-

198 675 290 705 neris
305 673 532 706 observatione
547 674 744 716 qrade'atur.
785 671 1020 715 Chrysostom.
1038 676 1120 705 tom.
1139 672 1178 706 V.
1196 672 1236 705 de
1255 678 1436 716 compunt-t.
1457 674 1568 705 cordis
1584 672 1643 706 fol.
1660 672 1738 707 495.

196 717 362 753 Athanas.
380 718 423 751 ad
438 717 596 752 Antioch.
611 721 741 763 quaest.
754 717 978 751 LXXXVIII.
1003 718 1186 761 Augustiu.
1201 717 1239 750 de
1257 729 1404 752 sermon.
1426 717 1555 751 domini
1570 718 1605 751 in
1622 721 1740 751 monte

196 763 256 797 fol.
272 762 349 798 832.
374 764 577 797 Ambrosius
594 764 629 797 in
646 763 744 808 epist.
762 763 861 796 Pauli
877 762 918 796 ad
936 762 1086 796 Corinth.
1102 763 1128 796 Ι.
1146 774 1219 808 cap.
1236 763 1329 797 XIII.

265 830 347 876 Cap.
363 831 555 866 LXXXVI.
573 851 615 855 —
639 831 760 864 Nullus
779 834 918 864 sanctus
936 835 969 864 et
985 831 1095 864 iustus
1114 835 1205 864 caret
1219 833 1372 875 peccato]
1400 829 1529 874 Ἐπειδὴ
1548 831 1584 863 τὸ
1604 830 1659 876 μὲν
1678 844 1739 876 μγ,-

198 875 250 910 δὲν
269 876 419 922 ἁμαρτεῖν
437 876 503 909 ἐστι
521 877 603 919 θεοῦ,
623 876 674 909 καὶ
691 878 745 918 τῆς
764 875 891 922 πρώτης
910 876 962 908 καὶ
980 874 1150 909 ἀσυνθέτου
1169 876 1303 920 φύσεος,
1330 881 1367 909 111
1383 877 1429 909 ait
1445 876 1604 910 Nazianz.
1623 878 1662 910 de
1680 878 1739 910 ba-

196 923 322 968 ptismo
335 923 393 956 fol.
413 922 486 957 640.
511 922 622 956 Foede
634 923 739 966 igitur
753 926 866 955 errant
876 922 1140 966 Pelagianistae,
1158 922 1216 966 qui
1230 926 1386 955 asserunt
1400 921 1567 963 homines,
1582 923 1610 956 si
1623 924 1738 963 velint,

197 968 271 1002 sine
286 972 426 1013 peccato
445 979 518 1002 esse
534 979 645 1012 posse.
670 967 787 1001 Iohan.
806 967 992 1001 Cassianus
1010 968 1050 1001 de
1066 968 1232 1001 incarnat.
1248 966 1373 1000 Christi
1389 968 1446 1000 lib.
1461 967 1484 1000 I.
1510 968 1738 1012 Hieronymus

197 1013 360 1047 adversus
383 1014 562 1057 Pelagium
584 1013 627 1046 ad
649 1012 905 1058 Ctesiphontem
930 1017 1012 1046 tom.
1029 1014 1054 1048 I.
1072 1013 1130 1046 fol.
1149 1012 1222 1046 266.
1242 1018 1273 1045 et
1297 1017 1450 1057 sequent.
1487 1012 1644 1046 Clemens
1662 1014 1739 1047 Ale-

195 1059 386 1093 xandrinus
405 1059 588 1104 παιδαγωγ.
605 1059 662 1092 lib.
679 1058 703 1091 I.
722 1069 795 1103 cap.
813 1058 854 1092 II.
892 1058 1057 1093 Athanas.
1081 1058 1122 1091 ad
1147 1058 1302 1092 Antioch.
1320 1062 1452 1103 quaest.
1470 1058 1660 1093 CXXXVI.
1679 1060 1737 1094 fol.

195 1103 273 1139 339.
292 1104 332 1138 de
349 1105 514 1138 incarnat.
538 1104 667 1137 domini
689 1104 748 1137 fol.
765 1104 841 1138 462.
881 1104 1082 1138 Theodoret.
1114 1104 1153 1137 de
1179 1105 1292 1137 select.
1317 1115 1342 1137 5.
1367 1104 1523 1148 scriptur.
1547 1105 1738 1148 quaestion.

197 1155 329 1195 quaest.
347 1149 408 1184 IX.
431 1150 646 1194 Augustinus
664 1149 704 1182 de
721 1154 890 1194 peccator.
908 1151 1037 1183 meritis
1055 1154 1087 1183 et
1103 1150 1234 1183 remiss
1248 1150 1305 1183 lib.
1319 1149 1360 1182 lI.
1377 1160 1404 1182 c.
1422 1149 1489 1184 VII.
1503 1150 1538 1182 in
1552 1149 1738 1183 enchiridio

196 1195 239 1229 ad
255 1195 414 1230 Laurent.
432 1207 505 1239 cap.
523 1195 643 1229 LXIII.
682 1194 902 1229 Bernhardus
925 1196 965 1228 de
988 1196 1120 1229 nativit.
1139 1195 1268 1229 domini
1289 1206 1389 1228 serm.
1407 1194 1431 1229 I.
1458 1194 1668 1228 Sozomenus
1687 1207 1738 1228 ec-

196 1241 342 1275 clesiast.
365 1240 482 1275 histor.
506 1241 563 1274 lib.
588 1241 659 1275 VII.
686 1252 760 1285 cap.
783 1241 875 1276 XVI.
916 1240 1127 1287 Nicephorus
1153 1241 1312 1275 Callistus
1334 1241 1393 1274 lib.
1417 1240 1493 1274 XII.
1518 1252 1589 1286 cap.
1607 1241 1736 1276 XXIV.

144 1291 154 1305 ⁶
196 1286 428 1320 Tertullianus
447 1287 488 1320 de
505 1287 620 1320 anima
637 1297 710 1331 cap.
727 1286 818 1321 XLI.

261 1355 340 1388 Ideo
356 1355 522 1389 veraciter
539 1366 658 1388 omnes
675 1355 785 1388 sancti
801 1366 837 1388 se
854 1355 1082 1400 pronunciant
1094 1356 1305 1400 peccatores]
1330 1354 1364 1388 S.
1382 1353 1550 1388 Iohannes
1564 1355 1661 1399 epist.
1677 1355 1739 1388 Ca-

194 1399 300 1434 1110110
316 1400 341 1435 I.
356 1411 385 1435 c.
400 1400 425 1435 I.
438 1400 510 1434 Iob.
524 1411 551 1434 c.
564 1400 657 1434 XIV.
680 1401 877 1434 Ecclesiast.
895 1412 922 1435 0.
941 1401 1012 1434 VII.
1038 1400 1228 1446 Cyprianus
1246 1401 1286 1434 de
1304 1404 1387 1434 orat.
1403 1400 1575 1433 dominica
1591 1401 1648 1433 fol.
1663 1401 1738 1433 245.

194 1447 411 1490 Augustinus
435 1446 475 1479 de
497 1447 619 1491 spiritu
642 1450 675 1479 et
694 1447 793 1479 litera
815 1446 857 1479 ad
880 1447 1067 1481 Marcellin.
1086 1458 1159 1491 cap.
1176 1447 1217 1481 II.
1242 1450 1325 1480 tom.
1342 1446 1387 1479 X.
1406 1446 1446 1479 de
1462 1447 1574 1479 verbis
1593 1447 1739 1491 apostoli

196 1502 343 1525 sermon.
359 1491 494 1525 XXIX.
531 1491 715 1525 Cassianus
733 1492 843 1525 collat.
860 1492 973 1525 XXII.
991 1504 1064 1537 cap.
1083 1492 1176 1526 XIII.
1215 1493 1412 1535 Hieronyin.
1431 1497 1547 1525 contra
1564 1492 1738 1537 Pelagian.

195 1537 254 1572 lib.
272 1537 329 1572 III.
344 1548 416 1582 cap.
434 1537 474 1572 V.
497 1537 651 1572 Lactant.
671 1537 726 1570 lib.
745 1537 800 1572 VI.
819 1548 892 1582 cap.
910 1538 1002 1571 XIII.
1026 1538 1144 1571 Isidor.
1163 1538 1352 1583 Synonym.
1369 1538 1427 1571 lib.
1444 1538 1468 1570 I.
1485 1538 1542 1571 fol.
1560 1537 1637 1571 312.

263 1605 344 1650 Cap.
365 1605 575 1639 LXXXVII.
599 1625 642 1629 —
680 1604 813 1638 Pascha
841 1609 918 1639 ante
940 1610 1195 1650 transgressum
1223 1606 1369 1640 vernalis
1399 1606 1621 1650 aequinoctii]
1664 1605 1737 1646 Quo

195 1662 314 1684 mense
339 1662 377 1684 ac
395 1651 448 1684 die
473 1651 650 1684 celebritas
668 1663 693 1686 S.
710 1650 857 1696 paschae
874 1652 931 1696 agi
954 1652 1107 1693 deberet,
1130 1652 1221 1685 varie
1245 1652 1335 1696 apud
1356 1656 1486 1685 veteres
1510 1652 1739 1696 disceptatum

194 1697 270 1731 fuit.
297 1696 415 1730 Sancti
429 1697 585 1741 apostoli,
610 1697 787 1730 Anatolius
812 1701 844 1730 et
866 1696 1099 1730 Occidentales
1124 1708 1232 1742 usque
1255 1698 1296 1730 ad
1320 1697 1505 1738 Oceanum,
1529 1702 1606 1742 post
1623 1697 1738 1741 aequi-

194 1742 348 1776 noctium
369 1743 524 1775 vernale:
553 1742 642 1776 Galli
668 1742 721 1775 die
743 1742 830 1775 VIII.
853 1742 926 1776 Kal.
949 1743 978 1775 A
1004 1743 1055 1776 ril.
1078 1742 1275 1787 Polycrates
1296 1742 1523 1788 Ephesiorum
1546 1743 1736 1787 episcopus,

195 1787 284 1832 Syri,
302 1787 434 1829 Cilices,
451 1788 691 1832 Mesopotamii
709 1792 743 1821 et
759 1788 878 1821 Asiani
894 1799 972 1821 cum
980 1755 1121 1822 kIudaeis
1138 1789 1227 1823 XIV.
1245 1789 1327 1822 luna
1344 1800 1546 1833 quacunque
1565 1789 1617 1821 die
1634 1789 1737 1833 septi-

194 1844 328 1874 manae,
346 1833 542 1867 omnimodo
561 1833 817 1866 observandum
832 1833 965 1867 Pascha
981 1834 1150 1869 dicebant.
1193 1834 1279 1867 Cum
1301 1835 1406 1878 igitur
1428 1833 1491 1867 hae
1514 1835 1599 1867 tales
1624 1834 1737 1867 obser-

193 1879 350 1913 vationes
367 1890 427 1924 per
450 1879 604 1924 singulas
628 1879 818 1923 provincias
842 1883 1049 1920 tenerentur,
1072 1892 1142 1913 non
1166 1880 1286 1913 leviter
1310 1880 1502 1913 contristati
1525 1883 1604 1913 sunt
1627 1890 1737 1912 sacer-

195 1924 301 1966 dotes,
319 1935 358 1958 eo
378 1925 468 1969 quod
485 1935 505 1957 a
527 1925 650 1968 quibus
666 1935 736 1957 una
759 1924 844 1958 fides
860 1925 1086 1969 profiteretur,
1109 1937 1228 1959 eorum
1245 1926 1465 1959 dissentirent
1482 1926 1617 1958 ieiunia.
1657 1925 1736 1958 Pius

193 1970 300 2015 igitur
320 1970 451 2015 primus
475 1974 509 2003 et
528 1970 646 2003 Victor
668 1970 842 2003 Romanae
866 1970 957 2004 urbis
981 1971 1143 2016 episcopi,
1167 1970 1246 2004 huic
1269 1972 1359 2004 malo
1383 1971 1519 2016 publico
1536 1971 1664 2004 mederi
1681 1982 1737 2003 cu-

193 2016 339 2060 pientes,
358 2015 607 2049 ordinationem
622 2015 787 2056 fecerunt,
805 2020 842 2048 ut
859 2016 910 2049 die
924 2016 1098 2052 ⁴dominico
1117 2027 1137 2050 a
1149 2017 1240 2051 XIV.
1259 2018 1340 2050 luna
1352 2017 1453 2061 primi
1469 2018 1609 2056 mensis,
1627 2027 1735 2060 usque

195 2061 238 2094 ad
253 2060 351 2094 XXI.
368 2061 520 2094 eiusdem
538 2061 664 2094 mensis
682 2061 783 2102 diem,
799 2060 970 2105 paschalis
994 2062 1219 2096 celebraretur
1236 2062 1414 2097 festivitas.
1454 2062 1677 2096 Postmodum
1700 2063 1735 2095 in

193 2106 349 2151 plenaria
364 2106 495 2150 synodo
512 2106 662 2139 Nicaena
679 2107 752 2139 orbi
768 2107 926 2141 universo
945 2107 1136 2141 Christiano
1153 2119 1352 2152 persuasum
1372 2112 1433 2149 est,
1450 2113 1488 2141 ut
1499 2107 1627 2153 pascha
1643 2111 1735 2141 recto

195 2153 283 2192 iure,
307 2163 375 2185 uno
400 2151 588 2196 eodemque
611 2151 663 2184 die
687 2156 719 2185 et
741 2156 893 2196 tempore
923 2164 943 2186 a
973 2154 1102 2186 cunctis
1126 2153 1299 2187 catholicis
1323 2159 1542 2198 perageretur
1570 2154 1733 2187 ecclesiis.

195 2196 313 2231 Canon
329 2197 482 2242 Apostol.
502 2208 574 2242 cap.
592 2197 680 2231 VIII.
707 2197 874 2231 Eusebius
892 2199 1078 2232 ecclesiast.
1097 2198 1174 2232 hist.
1192 2200 1249 2232 lib.
1268 2200 1306 2233 V.
1325 2210 1396 2244 cap.
1410 2199 1539 2232 XXIII.
1558 2204 1590 2231 et
1607 2199 1733 2232 XXIV.

195 2241 236 2275 de
260 2243 330 2276 vita
352 2243 569 2276 Constantini
591 2242 674 2287 Imp.
696 2243 755 2277 lib.
773 2244 804 2277 3.
830 2254 901 2289 cap.
921 2244 957 2277 V.
981 2251 1014 2277 et
1025 2245 1135 2278 XVII.
1151 2245 1209 2278 lib.
1228 2245 1314 2279 VIII.
1331 2256 1402 2290 cap.
1425 2245 1522 2278 XIX.
1546 2245 1658 2278 XXV.
1676 2244 1733 2277 lib.

194 2287 250 2322 IV.
269 2298 305 2321 ca
335 2315 341 2322 .
360 2287 524 2321 XXXVI.
547 2292 579 2321 et
602 2292 755 2332 sequent.
796 2288 953 2322 Socrates
977 2291 1165 2323 ecclesiast.
1188 2291 1306 2325 histor.
1330 2291 1387 2323 lib.
1406 2291 1428 2325 I.
1454 2301 1524 2335 cap.
1540 2290 1595 2324 VI.
1621 2290 1677 2323 lib.
1695 2289 1734 2322 V.

195 2343 222 2367 c.
239 2333 309 2367 XX
330 2361 337 2367 .
372 2333 602 2377 Hieronymus
619 2335 764 2378 catalog.
781 2335 880 2369 viror.
899 2336 1021 2370 illustr.
1039 2336 1074 2369 in
1090 2336 1278 2381 Polycrate.
1295 2337 1419 2370 Histor.
1438 2336 1581 2381 Tripart.
1599 2336 1655 2370 lib.
1673 2335 1733 2368 IX.

195 2389 268 2423 cap.
286 2378 483 2412 XXXVIII.
515 2378 724 2424 Nicephorus
744 2379 902 2413 Callistus
922 2381 978 2414 111).
996 2381 1073 2414 XII.
1091 2392 1164 2426 cap.
1181 2382 1347 2416 XXXIII.
1379 2381 1612 2415 Theodoretus
1630 2382 1735 2413 eccle-

195 2425 289 2458 siast.
306 2422 424 2457 histor.
442 2424 499 2457 lib.
517 2423 541 2458 I.
559 2435 632 2469 cap.
650 2425 695 2458 X.
727 2425 937 2459 Sozomenus
954 2427 1010 2460 lib.
1027 2427 1104 2461 XII.
1123 2438 1195 2472 cap.
1214 2427 1336 2461 XVIII.
1355 2431 1387 2460 et
1403 2427 1500 2460 XIX.
1531 2427 1612 2459 Pius
1628 2426 1690 2459 PI'.
1708 2426 1733 2460 I.

193 2470 230 2504 in
246 2470 394 2503 univers.
412 2468 536 2503 Christi
551 2470 669 2503 fideles
686 2475 766 2504 tom.
784 2471 808 2504 I.
827 2470 953 2506 Concil.
972 2472 1029 2506 sol.
1048 2472 1101 2507 85.
1129 2474 1244 2506 Victor
1260 2473 1323 2507 PP.
1344 2473 1384 2505 ad
1402 2471 1640 2517 Theophilium
1659 2472 1735 2504 Ale-

193 2515 359 2549 xandriae
376 2515 524 2559 episcop.
542 2519 623 2550 tom.
643 2516 666 2548 Ι.
685 2515 813 2551 Concil.
832 2516 890 2550 fol.
908 2517 960 2552 93.
997 2518 1198 2551 Ambrosius
1217 2519 1256 2551 de
1274 2517 1426 2562 paschali
1442 2518 1636 2551 celebritate
1653 2522 1734 2550 tom.

193 2560 250 2595 IV.
267 2560 325 2594 fol.
342 2560 417 2594 304.
437 2565 469 2593 et
486 2571 556 2604 seq.
598 2560 783 2605 Gregorius
800 2561 977 2606 Nyssenus
1001 2568 1084 2598 orat.
1108 2564 1143 2597 in
1166 2568 1343 2597 resurrect.
1366 2563 1505 2596 domini.
1541 2563 1682 2596 Iunilius
1701 2563 1733 2594 in

196 2605 347 2640 Genesin
364 2605 422 2639 fol.
439 2606 493 2640 33.
535 2605 664 2650 Corpus
690 2606 816 2641 Canon.
833 2613 919 2652 part.
938 2608 993 2642 III.
1017 2609 1164 2642 distinct.
1183 2610 1213 2642 3.
1232 2609 1272 2642 de
1295 2612 1478 2641 consecrat.
1497 2619 1569 2652 cap.
1588 2609 1684 2641 XXI.
1703 2611 1735 2640 et

194 2655 348 2697 sequent.
374 2651 555 2695 Augustiu.
574 2652 607 2684 in
625 2663 700 2685 nov.
718 2657 751 2685 et
763 2657 828 2687 vet.
844 2654 1051 2688 Testament.
1071 2659 1201 2698 quaest.
1220 2659 1300 2688 tom.
1318 2654 1372 2686 lv.
1392 2658 1522 2697 quaest.
1541 2652 1734 2686 LXXXIII.

193 2697 253 2731 fol.
270 2696 347 2731 839.
367 2701 401 2730 et
417 2697 459 2730 ad
476 2697 673 2730 Ianuarium
691 2698 821 2742 epistol.
840 2698 964 2733 CXIX.
1005 2699 1099 2733 Beda
1122 2700 1161 2732 de
1184 2700 1395 2741 argumentis
1414 2700 1512 2731 lunae
1531 2700 1586 2731 fol.
1611 2699 1681 2732 los.
1701 2703 1735 2730 et

195 2747 348 2788 sequent.
373 2742 413 2775 de
438 2743 629 2786 aequinoct.
648 2743 786 2776 vernali.
804 2747 885 2778 tom.
906 2745 945 2777 Il.
962 2745 1019 2778 sol.
1038 2746 1112 2777 :34st
1132 2745 1171 2777 de
1190 2742 1318 2778 ratione
1337 2748 1477 2788 tempor.
1496 2755 1567 2787 cap.
1587 2744 1684 2776 LVII.
1703 2748 1735 2775 et

194 2798 264 2833 seq.
299 2786 512 2833 Epiphanius
536 2791 653 2821 contra
675 2788 848 2822 Audianos
869 2788 999 2823 haeres.
1023 2790 1132 2824 LXX.
1170 2790 1330 2822 Rabanus
1361 2790 1501 2822 Maurus
1527 2789 1567 2821 de
1591 2789 1733 2821 institut.

194 2833 341 2867 clericor.
360 2834 417 2867 lib.
436 2833 475 2866 ΙΙ.
493 2843 565 2877 cap.
583 2833 751 2868 XXXIX.
787 2833 903 2869 Isidor.
921 2836 1113 2880 Hispalens.
1133 2835 1253 2879 origin.
1272 2835 1328 2869 lib.
1348 2835 1400 2867 VI.
1419 2846 1491 2877 cap.
1510 2834 1533 2867 1.
1552 2834 1591 2866 de
1612 2834 1733 2867 officiis

194 2879 381 2912 ecclesiast.
399 2889 473 2923 cap.
490 2878 621 2912 XXXI.
648 2878 803 2913 Clemens
821 2882 992 2915 constitut.
1011 2881 1068 2913 lib.
1086 2881 1123 2913 V.
1142 2891 1214 2925 cap.
1232 2881 1322 2913 XYI.
1357 2879 1515 2912 Gaudent
1532 2879 1571 2912 de
1588 2878 1734 2924 paschae

195 2923 362 2958 observat.
379 2924 438 2959 fol.
457 2923 510 2957 50.
546 2924 653 2957 Autor
670 2935 686 2957 e
700 2925 832 2958 ›istolae
850 2926 889 2959 (10
909 2927 1068 2959 celebrat.
1088 2924 1234 2969 paschae
1251 2925 1341 2970 apud
1359 2926 1555 2968 llieronym.
1572 2930 1654 2958 tom.
1673 2925 1733 2959 IX.

193 2968 251 3004 fol.
268 2969 322 3004 98.
362 2968 525 3004 Athanas.
543 2969 583 3002 <le
597 2935 736 3014 synodis
752 2971 897 3005 Arimini
919 2976 952 3006 et
969 2971 1143 3006 Seleuciae
1165 2971 1224 3005 fol.
1241 2971 1316 3005 (572.
1334 2971 1368 3004 111
1386 2971 1530 3015 epistola
1546 2970 1588 3003 ad
1604 2970 1733 3004 Africa-

194 3025 258 3049 nos
274 3015 453 3061 episcopos
469 3015 527 3049 fol.
545 3014 620 3048 718.
