2052 3342
392 194 472 235 224
1060 190 1259 218 Auous‘rml

391 296 572 336 haeresis
600 294 718 336 facile
750 297 810 336 sic
838 295 1062 336 innotescit
1087 300 1134 336 ut
1158 297 1263 346 suis3
1291 295 1401 337 unde
1429 309 1506 338 nce
1526 310 1667 340 earum
1687 310 1789 351 quas
1810 311 1923 340 eom-

394 366 615 405 memoravi
644 365 782 404 omnia
802 362 992 415 dogmata
1011 377 1076 404 me
1099 363 1251 405 dixisse
1271 362 1337 404 vel
1359 363 1551 406 didicisse
1573 365 1777 420 profiteor.
1827 365 1926 416 Quis

392 434 501 473 enim
522 445 604 473 non
625 431 763 472 videat
785 438 980 486 quantam
1008 445 1072 472 res
1096 435 1174 472 ista
1194 446 1373 487 operam,
1396 438 1436 474 et
1457 446 1579 487 quam
1598 432 1750 475 multas
1769 433 1926 476 litteras

392 499 571 553 flagitet?
630 500 712 541 Nec
737 500 826 541 ideo
847 505 986 542 tamon
1008 515 1151 555 parum
1179 501 1345 556 prodest
1375 514 1532 543 errores
1553 503 1674 555 istos,
1708 515 1809 557 quos
1831 501 1925 544 huic

392 570 501 623 operi
534 570 710 611 intexui.
749 569 876 610 lectos
914 571 1180 623 cognitosque
1207 571 1348 610 vitai-e.
1409 569 1514 619 Quid
1542 571 1653 611 enim
1679 574 1822 612 eontra
1848 571 1929 611 ista

392 638 540 677 sentiat
565 637 767 678 catholica
789 637 982 689 ecclesia,
1014 637 1121 691 quod
1149 651 1172 678 a
1192 651 1257 678 me
1280 637 1501 679 dicendum
1522 639 1697 692 putasti,
1724 638 1927 694 superfluo

393 707 620 758 quaeritur,
648 720 740 747 cum
763 710 928 760 propter
957 706 1030 747 hoc
1053 707 1157 746 scire
1179 706 1357 746 sufficiat
1385 719 1477 746 eam
1498 710 1642 747 contra
1661 707 1742 747 ista
1761 706 1929 759 sentire,

393 787 468 815 nec
499 773 654 828 aliquid
683 774 827 815 horum
856 775 897 815 in
929 774 1090 816 ¹⁶1idem
1122 787 1368 828 quemquam
1398 774 1546 815 debere
1574 774 1768 830 recipere.
1819 774 1927 825 Quo-

391 842 510 884 modo
533 848 690 895 autem,
723 856 826 897 quae
849 848 991 884 contra
1012 842 1112 884 haec
1135 842 1285 883 veritas
1308 842 1451 895 habet,
1473 841 1696 883 asserenda
1715 855 1762 884 ac
1785 842 1928 885 defen-

391 911 527 952 denda
547 913 649 952 sint.
675 911 887 952 modulum
916 913 1047 965 operis
1076 911 1195 952 huius
1225 911 1397 953 excedit.
1449 910 1532 952 Sed
1557 909 1735 952 multum
1761 910 1930 953 adiuvat

391 995 460 1022 eor
489 979 606 1020 fidele
637 993 757 1020 nosse
780 980 876 1034 quid
900 980 1147 1020 credendum
1171 994 1252 1021 uon
1273 981 1339 1031 sit,
1361 981 1524 1020 etiamsi
1546 978 1783 1035 disputandi
1799 977 1927 1021 facul-

389 1054 472 1089 tate
496 1048 536 1088 id
566 1049 740 1089 refutare
769 1062 850 1089 non
880 1049 1021 1103 possit.
1073 1048 1216 1090 Omnis
1253 1050 1388 1102 itaque
1417 1048 1674 1089 Christianus
1702 1047 1927 1090 catholicus

390 1119 469 1158 ista
489 1130 572 1158 non
595 1116 717 1157 debet
735 1117 922 1169 credere,
945 1116 1017 1157 sed
1038 1130 1119 1157 non
1142 1117 1294 1160 omnis.
1317 1118 1384 1170 qui
1407 1117 1487 1157 ista
1507 1130 1589 1158 non
1611 1115 1762 1169 credit,
1784 1129 1927 1159 conse-

390 1190 563 1241 quenter
593 1185 713 1226 debet
742 1199 783 1225 se
818 1184 1109 1225 christianum·
1128 1184 1374 1226 catholicum
1406 1186 1486 1225 iam
1511 1189 1657 1240 putare
1687 1184 1752 1226 vel
1775 1183 1925 1226 dicere.

393 1255 566 1295 Possunt
591 1256 701 1294 euim
724 1259 763 1294 et
784 1253 975 1294 haereses
997 1253 1120 1304 aliae,
1152 1267 1254 1307 quac
1278 1255 1318 1294 in
1341 1252 1417 1294 hoc
1439 1267 1561 1308 opere
1583 1257 1722 1295 nostro
1745 1266 1925 1294 comme-

389 1328 569 1363 moratae
594 1336 675 1363 non
700 1326 817 1373 sunt,
840 1321 900 1363 vel
926 1336 1014 1361 esse
1038 1321 1101 1363 vel
1126 1322 1232 1373 sieri,
1261 1335 1435 1376 quarum
1456 1321 1637 1376 aliquam
1658 1322 1844 1376 quisquis
1864 1324 1926 1362 te-

390 1393 540 1435 nuerit,
562 1390 820 1432 Christianus
843 1390 1067 1432 catholicus
1085 1403 1165 1431 non
1183 1391 1271 1430 erit.
1305 1390 1409 1440 Quid
1427 1403 1521 1444 ergo
1538 1390 1662 1431 faciat
1677 1389 1928 1432 haereticum

391 1461 585 1514 deinceps
608 1459 898 1513 requirendum
920 1464 1002 1512 ost,
1024 1463 1081 1511 ut,
1105 1472 1198 1500 cum
1219 1457 1296 1500 hoc
1319 1458 1482 1500 domino
1501 1458 1719 1499 adiuvante
1736 1459 1928 1511 vitamuS,

390 1542 471 1569 non
493 1528 626 1570 solum
649 1541 694 1567 ea
712 1541 815 1581 quae
839 1530 1006 1579 scimus,
1028 1541 1170 1568 verum
1194 1529 1318 1567 etiam
1341 1540 1443 1581 quae
1466 1528 1696 1580 nescimus,
1718 1528 1804 1568 sive
1825 1539 1927 1582 quae

391 1600 471 1639 iam
494 1603 582 1638 orta
603 1601 718 1641 sunt,
747 1598 830 1636 sive
861 1610 962 1650 quae
994 1596 1125 1637 adhuc
1151 1597 1246 1637 oriri
1273 1599 1515 1650 potuerunt,
1541 1595 1749 1636 haeretica
1767 1607 1928 1637 venena
1978 1636 1983 1641 ,

389 1668 578 1707 vitemus.
624 1666 753 1705 Huius
776 1669 912 1705 autem
935 1667 989 1705 sit
1008 1666 1089 1705 iam
1112 1664 1332 1705 voluminis
1354 1665 1468 1716 finis,
1491 1663 1600 1718 quod
1619 1667 1836 1719 propterea
1853 1677 1926 1706 vo·

392 1735 467 1787 bis,
489 1740 711 1788 antequam
731 1738 864 1774 totum
885 1733 960 1775 hoc
985 1747 1085 1789 opus
1107 1734 1362 1788 perficerem,
1384 1732 1540 1774 credidi
1558 1745 1649 1773 esse
1665 1731 1928 1785 mittendum,

388 1803 556 1844 utillud
579 1804 813 1856 quicunque
842 1801 1043 1855 legeritis,
1074 1801 1125 1841 ad
1154 1801 1196 1843 id
1225 1801 1334 1855 quod
1360 1805 1490 1842 restat
1515 1800 1792 1856 implendum,
1819 1799 1924 1857 quod

390 1876 473 1912 tam
494 1885 688 1925 magnum
710 1884 800 1912 esse
823 1871 1006 1923 cernitis,
1027 1883 1092 1911 me
1115 1870 1368 1912 orationibus
1389 1869 1420 1894 1⁷
1431 1869 1648 1912 adiuvetis.

461 2042 510 2076 16.
528 2041 648 2074 Plures
664 2040 760 2073 MSS.
785 2040 819 2073 iu
837 2040 914 2074 fide.
941 2039 1098 2083 (Bened.)
1171 2040 1220 2074 17.
1247 2039 1315 2073 Hic
1334 2045 1438 2080 certe,
1463 2041 1614 2084 inquiunt
1629 2038 1844 2073 Benedictim'
1859 2039 1926 2073 edi-

391 2094 485 2127 tores,
495 2088 616 2131 finitur
633 2087 816 2129 Amyn-§tini
832 2087 932 2121 liber.-
950 2088 1080 2118 tametsi
1096 2088 1128 2118 in
1147 2087 1316 2118 codicibus
1324 2085 1420 2120 MSS.
1434 2086 1605 2130 plerisque
1618 2086 1793 2118 addantur
1806 2084 1925 2118 Nesto-

388 2136 482 2166 rc'wn'
507 2139 539 2165 et
559 2131 770 2175 Eutychiani
785 2131 956 2171 (liuere-ses
971 2134 1081 2175 utique
1100 2144 1160 2165 non
1179 2138 1255 2164 ante
1271 2132 1455 2175 Auyzzstini
1467 2131 1587 2164 obitum
1604 2132 1827 2172 nominatae),
1843 2135 1876 2164 et
1890 2132 1926 2163 in

388 2179 581 2222 quibusdam
599 2180 696 2209 etiam
722 2176 937 2215 Timotheam',
956 2177 1016 2209 llm‘
1034 2179 1166 2209 ordine:

476 2221 691 2257 Timotheani
707 2222 823 2254 dicunt
840 2222 949 2254 filium
974 2222 1027 2254 dei
1043 2233 1161 2255 verum
1185 2222 1322 2267 quidem
1337 2221 1513 2255 hominem
1534 2232 1579 2255 ex
1594 2221 1727 2266 virgine
1742 2221 1853 2255 Maria
1866 2231 1926 2254 na-

387 2275 470 2310 tum,
495 2268 553 2302 sed
578 2280 647 2301 non
670 2268 719 2300 ita
742 2278 846 2300 unam
863 2267 1049 2300 reddidisse
1066 2279 1263 2312 personam,
1286 2272 1325 2301 ut
1340 2279 1410 2301 non
1426 2268 1461 2300 in
1477 2277 1584 2300 unam
1600 2267 1644 2300 sit
1658 2267 1814 2300 redactus
1829 2271 1926 2300 natu-

387 2326 470 2355 ram,
489 2313 728 2348 conflatorium
745 2312 915 2357 quoddam
933 2314 1083 2345 volentes
1099 2313 1205 2346 fuisse
1222 2313 1383 2346 interiora
1398 2313 1540 2357 virginis
1551 2339 1559 2354 ,
1580 2324 1641 2357 per
1657 2312 1747 2357 quod
1765 2312 1849 2346 duae
1865 2323 1925 2346 na-

387 2366 494 2401 turae,
511 2360 544 2393 id
562 2363 613 2392 est
630 2359 712 2391 deus
731 2364 762 2391 et
779 2357 892 2398 homo,
909 2358 944 2390 iu
961 2369 1065 2391 unam
1083 2360 1251 2392 resolutae
1269 2363 1302 2391 et
1319 2363 1516 2403 compactae
1532 2369 1685 2392 massam
1701 2368 1807 2391 unam
1823 2358 1877 2391 dei
1892 2361 1926 2391 et

387 2406 534 2440 hominis
551 2404 769 2438 exhibuerint
784 2404 946 2443 formam,
971 2404 1152 2437 immutata
1167 2405 1322 2437 videlicet
1339 2408 1538 2437 naturarum
1552 2404 1756 2448 proprietate
1778 2402 1925 2437 efficien-

387 2453 473 2485 tium
489 2451 683 2484 coitionem.
730 2449 772 2482 Et
789 2449 831 2482 ad
848 2449 1117 2482 confirmandam
1133 2449 1327 2483 huiusmodi
1342 2449 1563 2494 impietatem,
1587 2460 1674 2493 quae
1691 2448 1793 2482 deum
1805 2448 1927 2482 asserit

387 2509 408 2530 a
424 2508 488 2530 sua
503 2507 640 2530 versum
653 2499 785 2536 natura,
810 2498 936 2538 cogunt
954 2495 1186 2538 evangelistae
1203 2495 1439 2528 testimonium
1455 2494 1609 2535 dicentis,
1633 2494 1675 2528 Et
1689 2494 1832 2528 verbum
1848 2504 1924 2527 earo

386 2543 517 2576 factum
533 2547 601 2575 est:
619 2541 710 2585 quod
727 2542 775 2573 ita
791 2540 1065 2584 interpretantur,
1082 2540 1206 2573 Divina
1222 2545 1343 2574 natura
1358 2541 1393 2574 in
1407 2539 1595 2574 humanam
1610 2550 1710 2573 versa
1725 2543 1787 2574 est.
1822 2539 1850 2574 Ο
1867 2540 1926 2573 ab·

388 2589 581 2629 olitionem,
605 2587 655 2620 ilii
677 2586 865 2619 inviolabili
886 2585 1135 2630 impingentem
1164 2587 1392 2619 substantiae!
1442 2585 1552 2619 Hujus
1580 2585 1765 2630 impietatis
1787 2584 1923 2618 initium

386 2633 604 2674 Timotheus,
629 2632 719 2677 apud
735 2631 853 2665 Biz-am
869 2629 1050 2674 Bithyniae
1067 2631 1166 2665 modo
1184 2632 1348 2665 exsulans
1369 2631 1558 2672 civitatem,
1579 2631 1784 2664 continentis
1801 2634 1835 2664 et
1848 2630 1924 2664 reli-

387 2680 505 2723 giosae
521 2680 610 2712 vitae
626 2677 777 2722 imagine
795 2677 910 2709 multis
926 2676 1048 2709 illudit.

475 2724 686 2764 Nestoriani‚
710 2734 730 2756 a
747 2722 902 2755 Nestorio
927 2722 1104 2766 episcopo,
1129 2723 1187 2765 qui
1209 2726 1327 2756 contra
1347 2721 1548 2755 catholicam
1568 2721 1672 2755 fidem
1694 2721 1924 2767 dogmatizare

387 2781 491 2803 ausus
515 2774 582 2810 est,
607 2769 784 2802 dominum
806 2772 963 2800 nostrum
986 2767 1099 2800 Iesum
1116 2766 1288 2801 Christum
1303 2767 1478 2801 hominem
1494 2770 1629 2800 tantum
1646 2769 1808 2811 (plerique
1822 2766 1920 2801 MSS.

387 2816 618 2860 dogmatizare
637 2815 739 2847 ausus
757 2818 809 2846 est
825 2812 998 2846 Christum
1015 2812 1191 2846 dominum
1206 2817 1362 2847 nostrum
1378 2813 1479 2846 deum
1494 2811 1669 2846 hominem
1684 2813 1845 2856 tantum),
1861 2822 1924 2846 nec

387 2862 421 2894 id
446 2861 536 2906 quod
557 2860 724 2894 mediator
748 2859 801 2891 dei
823 2857 1002 2891 hominum
1027 2857 1167 2891 effectus
1191 2863 1258 2899 est,
1282 2859 1318 2892 in
1342 2863 1435 2892 utero
1451 2858 1593 2902 virginis
1611 2857 1651 2891 de
1668 2858 1789 2903 spiritu
1804 2861 1921 2892 sancto

387 2907 493 2940 fuisse
511 2910 731 2950 conceptum,
754 2903 813 2937 sed
835 2908 956 2949 postea
979 2903 1080 2936 deum
1096 2902 1227 2938 homini
1242 2904 1348 2937 fuisse
1363 2904 1590 2949 permixtum:
1612 2914 1676 2937 nec
1698 2903 1800 2937 deum
1815 2903 1921 2937 homi-

387 2963 467 2986 nem
482 2962 624 2997 passum
640 2950 879 2995 sepultumque
896 2949 1040 2990 dicebat,
1056 2959 1200 2982 vacuare
1217 2949 1425 2983 contendens
1443 2959 1543 2982 omne
1556 2952 1713 2983 nostrum
1725 2948 1922 2989 remedium,

388 3009 455 3041 quo
478 2998 621 3031 verbum
643 2996 699 3030 dei
720 2996 768 3028 sic
792 2994 965 3028 hominem
989 2995 1159 3039 suscipere
1184 2994 1344 3039 dignatus
1368 2998 1418 3028 est
1441 2995 1476 3028 in
1498 2997 1596 3028 utero
1617 2995 1776 3039 virginis,
1800 2997 1838 3028 ut
1852 3003 1921 3027 una

388 3053 534 3086 persona
547 3042 644 3077 fieret
660 3041 714 3076 dei
730 3045 765 3076 et
778 3040 937 3083 homiuiS,
952 3044 1131 3085 propterea
1144 3040 1196 3075 sic
1210 3041 1430 3085 singulariter
1445 3043 1481 3073 et
1493 3039 1695 3075 mirabiliter
1706 3044 1818 3081 natus,
1833 3049 1921 3075 mor—
