2052 3374
0 3231 15 3374 μ’,

746 120 861 145 LIBER
878 119 1023 145 pansus.
1566 115 1646 158 243

95 223 272 265 verbum
298 222 365 265 dei
391 237 481 265 esse
502 223 634 265 filium
653 226 839 279 accipere
861 224 1027 276 nolunt,
1047 225 1092 264 in
1118 226 1303 275 tantum,
1322 224 1370 262 ut
1389 220 1649 274 evangelium

98 293 234 333 sancti
253 292 422 333 Ioannis
444 292 587 334 dicant
613 294 744 347 ipsius
765 306 849 334 non
871 306 982 344 esse,
1007 306 1083 333 nec
1112 291 1411 347 Apocalypsiin
1437 291 1650 344 accipiunt

97 360 284 402 eiusdem
303 360 483 402 Ioannis.
525 361 631 411 Quid
650 359 808 402 multa?
841 360 990 402 Omnia
1009 361 1226 402 nobiscum
1247 361 1429 418 sapiunt,
1450 359 1648 400 1verbum

98 429 165 470 dei
184 428 317 470 filium
343 428 411 470 dei
437 431 604 484 penitus
633 431 752 484 quasi
779 428 1084 484 blasphemiam
1111 433 1370 471 execrantur.
1418 428 1504 470 Hos
1530 427 1648 470 Philo

97 499 317 554 episcopus
338 511 460 553 saepe
482 499 704 553 superavit.

181 566 410 608 Tricesima
430 568 565 621 prima
584 567 769 608 haeresis
790 566 1136 619 Adamianorum,
1166 568 1236 621 qui
1264 581 1314 608 ex
1334 566 1472 608 Adam
1497 579 1651 608 nomen

97 639 360 691 aeceperunt,
382 636 498 676 cuius
518 636 736 676 imitantur
756 637 799 675 in
819 634 1012 690 paradiso
1033 635 1280 688 nuditatem,
1301 635 1435 690 qualis
1455 636 1534 676 fuit
1554 639 1650 676 ante

96 708 327 760 peccatum.
376 703 498 745 Unde
527 708 569 745 et
595 705 762 759 nuptias
790 708 1054 757 aversantur,
1083 705 1179 758 quia
1206 717 1283 744 nec
1304 706 1419 758 prius
1442 718 1566 758 quam
1588 704 1649 745 di-

95 774 250 814 missus
281 776 393 814 esset
419 772 469 814 de
496 772 710 828 paradiso,
741 774 934 826 cognovit
960 785 1146 813 uxorem.
1207 772 1390 814 Credunt
1418 786 1511 826 ergo
1542 772 1651 827 quod

96 843 266 897 nuptiae
287 841 448 882 futurae
470 855 555 882 non
574 841 767 894 fuissent,
789 842 824 882 si
844 854 966 882 nemo
988 845 1219 896 peccasset.
1270 841 1382 882 Nudi
1401 843 1539 895 itaque
1560 856 1650 882 ma-

96 924 163 951 res
197 910 459 964 feminaeque
498 911 772 963 conveniunt,
802 909 904 950 nudi
931 909 1131 950 lectiones
1162 908 1356 962 audiunt,
1386 910 1489 950 nudi
1519 914 1652 962 orant,

96 978 199 1020 nudi
220 977 432 1020 celebrant
451 982 722 1023 sacramenta.
771 977 823 1019 Et
849 992 900 1020 ex
927 978 1004 1019 hoc
1031 977 1274 1033 paradisum
1305 992 1424 1019 suam
1444 978 1650 1019 arbitran-

95 1051 164 1088 tur
185 1047 418 1088 ecclesiam.
454 1047 541 1089 Hos
563 1051 732 1089 sanctus
752 1047 970 1102 presbyter
988 1047 1243 1102 Polycarpus
1266 1046 1438 1102 detexit,
1459 1047 1652 1100 obtinuit,

98 1115 339 1157 eliminavit.

181 1184 411 1226 Tricesima
451 1188 492 1225 et
533 1184 717 1226 secunda
758 1184 944 1226 haeresis
985 1184 1292 1226 Helceseorum.
1356 1185 1443 1227 Hos
1485 1184 1653 1239 quidam

98 1252 270 1296 ¹Helchi
288 1254 456 1294 nomine
477 1253 841 1309 pseudopropheta
863 1253 1046 1308 decepit,
1069 1267 1119 1294 ex
1141 1255 1256 1295 cuius
1273 1267 1422 1307 genere
1441 1253 1543 1295 duas
1559 1268 1651 1295 11111-

97 1321 219 1363 lieres
239 1325 439 1376 tanquam
461 1321 559 1363 deas
581 1322 633 1363 ab
656 1323 714 1362 eis
735 1322 978 1377 perhibetur
999 1321 1202 1364 adoratas.
1255 1323 1400 1364 Cetera
1426 1323 1653 1365 Hebioneis

98 1389 252 1432 similia
284 1394 427 1431 tenere
462 1389 514 1431 ab
549 1389 779 1446 Epiphanio
817 1390 1075 1433 adseruntur.
1133 1391 1219 1433 Hos
1250 1392 1400 1447 Papias
1435 1392 1654 1447 presbyter

97 1459 279 1501 Achaiae
300 1458 492 1501 obtinuit.

183 1527 462 1569 Tricesimum
490 1531 532 1568 et
557 1529 729 1568 tertium
756 1527 895 1570 locum
921 1527 1105 1569 haeresis
1134 1532 1281 1570 tenent
1307 1529 1603 1583 Theodotiani,
1631 1544 1655 1571 a

99 1595 278 1651 quodam
298 1595 534 1638 1Theodoto
563 1598 764 1649 instituti,
790 1597 1003 1638 hominem
1032 1597 1319 1640 tantummodo
1350 1598 1560 1640 Christum
1589 1597 1654 1639 dei

98 1665 232 1706 filium
259 1664 513 1707 adserentes,
573 1664 691 1715 Quod
719 1665 872 1706 dicitur
899 1665 1010 1706 idem
1039 1664 1303 1708 2The0d0tus
1330 1672 1550 1722 propterea
1580 1667 1652 1709 do-

100 1735 258 1787 cuisse,
280 1734 376 1788 quia
395 1735 440 1774 in
459 1735 747 1789 persecutione
768 1733 909 1789 lapsus
930 1735 1009 1776 isto
1031 1734 1152 1776 modo
1176 1749 1218 1776 se
1241 1750 1361 1777 casus
1384 1739 1447 1778 sui
1470 1736 1652 1777 devitare

98 1802 274 1857 putabat
295 1802 576 1857 opprobrium,
599 1804 633 1843 si
653 1816 738 1844 non
761 1802 883 1843 deum
898 1816 1086 1857 negasse,
1108 1803 1183 1845 sed
1197 1804 1409 1846 hominem
1429 1805 1652 1847 videretur.

98 1869 184 1913 Hos
206 1869 387 1912 obtinuit
407 1870 559 1912 Craton
581 1872 800 1926 episcopus
823 1871 1030 1925 Syrorum.

184 1938 457 1981 Tricesimam
487 1944 678 1994 quartam
711 1939 927 1982 haeresem
956 1940 1355 1984 Melchisedechiani
1390 1944 1652 1985 invenerunt.

100 2006 423 2061 Melchisedech,
445 2008 705 2050 sacerdotem
727 2008 793 2049 dei
810 2009 977 2062 excelsi,
994 2024 1077 2051 non
1092 2010 1305 2052 hominem
1320 2012 1463 2066 fuisse,
1481 2012 1555 2054 scd
1570 2015 1653 2054 vir-

102 2079 235 2117 tutem
257 2075 324 2118 dei
345 2090 436 2118 esse
458 2077 726 2130 arbitrantur,
747 2077 864 2118 illum
885 2077 1022 2119 locum
1043 2084 1265 2134 sequentes
1283 2081 1458 2136 apostoli
1479 2081 1532 2122 ad
1553 2082 1652 2123 1He-

100 2143 247 2187 braeos
262 2158 340 2200 quo
362 2146 434 2198 ait,
456 2143 704 2200 Sineljaz‘re,
725 2147 811 2187 sine
827 2154 972 2200 matre,
993 2149 1081 2188 sine
1093 2149 1351 2204 yenealogyia.
1383 2150 1458 2191 His
1476 2152 1656 2192 occurrit

102 2211 324 2268 Dionysius
343 2213 726 2267 Hierosolymorum
749 2214 988 2270 episcopus,
1018 2215 1162 2258 dicens
1190 2216 1301 2259 hunc
1331 2222 1371 2258 et
1397 2223 1559 2274 patrem
1580 2218 1653 2260 ha—

101 2281 242 2324 buisse
271 2285 313 2323 et
338 2285 535 2334 matrem,
564 2286 606 2322 et
632 2282 709 2324 hoc
738 2282 830 2324 ideo
860 2283 1012 2326 dixjsse
1044 2285 1298 2340 apostolum,
1326 2288 1422 2340 quia
1443 2292 1483 2327 et
1503 2301 1652 2341 genea-

101 2349 211 2404 logia
230 2351 361 2406 ipsius
383 2354 425 2391 et
443 2355 633 2392 materna
653 2355 877 2405 paternave
897 2355 1091 2408 prosapia
1110 2367 1194 2396 non
1216 2353 1438 2397 haberetur
1457 2357 1501 2396 in
1518 2370 1564 2397 eo
1588 2370 1652 2397 or-

104 2417 199 2460 dine
219 2418 266 2460 in
286 2432 366 2474 quo
387 2418 455 2460 lex
475 2419 760 2461 Hebraeorum
787 2419 1000 2476 adscripta
1020 2426 1104 2475 est,
1133 2436 1228 2464 cum
1250 2423 1324 2465 deo
1346 2426 1488 2479 utique
1510 2424 1652 2480 placu-

104 2488 183 2529 erit
201 2489 412 2542 generatio
433 2486 726 2529 Hebraeorum.

187 2555 418 2598 Tricesima
439 2557 583 2611 quinta
603 2556 785 2599 haeresis
807 2562 905 2599 sunt
923 2557 1234 2613 Bardesanitae,
1256 2574 1280 2600 a
1301 2560 1481 2614 quodam
1494 2560 1651 2603 Bardo-

171 2713 254 2760 Cap.
270 2713 389 2750 XXX.
407 2735 451 2740 —
471 2714 498 2748 l.
524 2714 717 2758 U'esseliny.
735 2714 908 2751 Probabil.
928 2729 1004 2762 cap.
1022 2716 1076 2751 30.
1090 2729 1173 2761 pay.
1193 2716 1257 2750 26ss
1268 2721 1449 2763 proposuit
1470 2720 1537 2753 nisi
1561 2720 1651 2765 quod

104 2759 247 2794 verbum
263 2760 318 2794 dei
335 2763 413 2795 cett.
443 2760 541 2799 Quod
556 2763 687 2793 minime
705 2772 785 2805 opus
802 2767 858 2795 eat.

173 2815 422 2896 Cssg.-XXXH.
439 2837 483 2842 —
504 2817 531 2851 l.
551 2817 662 2862 (J.d13
681 2817 741 2851 lzoc
760 2820 886 2851 nomine
903 2819 934 2853 I.
956 2819 996 2852 B.
1017 2819 1155 2853 coteler.
1174 2819 1272 2855 Eccl.
1293 2822 1354 2855 Gr.
1369 2821 1515 2857 Menum.
1535 2828 1608 2857 tom.
1623 2823 1651 2862 l,

101 2873 186 2906 paq.
249 2872 281 2896 o.

172 2917 255 2965 Cap.
270 2918 438 2955 XXXIII.
457 2940 499 2945 —
518 2920 548 2955 1.
565 2919 798 2954 Theodotione
811 2920 884 2956 MS.
902 2922 992 2966 Any.
1065 2921 1095 2955 2.
1112 2921 1326 2959 Theodotion
1342 2924 1415 2958 MS.
1433 2925 1521 2969 Auy.

173 2974 257 3020 Cap.
274 2975 440 3012 XXXIV.
457 2997 500 3003 —
521 2977 549 3012 1.
567 2977 668 3011 chr.
685 2976 757 3017 VII,
774 2977 806 3011 3.

1321 3037 1359 3070 1ss
1369 3039 1384 3050 ¹

1677 569 1743 602 Cap.
1762 570 1862 594 XXXI.

1679 1198 1745 1232 Cap.
1764 1199 1877 1224 xxxii.

1679 1532 1746 1565 Cap.
1765 1532 1895 1557 xxxin.

1680 1945 1746 1977 Cap.
1766 1945 1890 1969 xxxiv.

1677 2571 1745 2604 Cap.
1764 2572 1872 2597 xxxv.
