2052 3342
191 1412 371 1439 ‹.·1·.‹x1.1.

107 1458 128 1479 ‘(
144 1464 182 1488 ap.
197 1457 371 1489 cxxxvii.)

1075 203 1272 230 primurm!

406 205 481 248 15ss

403 314 640 351 nasceretur
655 308 748 349 Vin
767 308 850 348 0:11.
871 309 955 349 lan.
975 314 1013 348 et
1031 312 1249 363 appareret
1263 307 1330 349 Vl.
1362 309 1568 364 Apparuit
1581 311 1714 363 magis
1729 312 1826 364 post
1840 307 1944 350 duo-

402 379 532 418 decim
557 378 643 417 «lies
668 379 705 417 in
732 376 896 432 templo.
936 376 995 418 Ne
1019 390 1112 426 ergo
1132 375 1278 417 umbra
1300 375 1406 430 quod
1429 390 1570 418 verum
1592 382 1681 418 erat
1699 376 1945 433 2pateretur‚

401 454 439 485 et
463 448 519 486 sie
543 461 563 485 a
588 447 717 494 magris-
739 446 991 486 adoraretur.
1015 459 1086 499 per
1108 445 1292 485 ordinem
1317 447 1470 499 quippe
1495 459 1566 500 pro
1587 450 1730 488 nostra
1751 445 1882 486 salute
1905 449 1946 486 et

400 516 523 554 annui
549 514 636 554 ‹lies-
660 514 895 554 festivitatis
919 515 1092 554 maiores
1117 515 1180 553 isti
1205 515 1345 553 statuti
1370 518 1468 553 sunt
1489 518 1678 568 quatuor,
1698 515 1880 569 primum
1901 514 1945 554 iu

399 597 476 636 quo
501 588 620 622 natus
644 590 720 627 est.
743 582 891 623 deinde
915 584 953 622 in
978 596 1056 635 quo
1078 583 1287 636 apparuit.
1312 581 1351 622 id
1374 586 1438 621 est
1457 581 1532 622 XII
1555 582 1641 623 dies
1663 586 1778 637 post,
1799 583 1841 622 in
1864 594 1944 636 quo

399 665 545 706 passus
567 657 642 697 est,
666 653 706 691 in
731 651 897 705 pascha,
921 652 959 690 in
985 653 1063 691 tim»
1085 664 1180 690 vero
1203 652 1242 690 in
1266 664 1345 704 quo
1367 650 1557 691 aseendit
1575 651 1618 692 in
1641 650 1815 702 caelum,
1837 651 1946 691 circa

398 726 664 774 pentecosten
699 721 903 759 vincentis
936 725 1000 759 est
1029 720 1179 773 quippe
1212 720 1525 759 eonsummatio.
1585 719 1661 768 Qui
1689 731 1783 772 ergo
1815 731 1945 759 unum

397 788 577 834 ³iunornt
603 804 652 827 m·
674 789 987 842 praetermittit.
1016 793 1153 842 potest
1179 791 1220 826 et
1242 786 1290 827 de
1314 787 1405 826 aliis
1429 786 1613 827 diebus¹'.
1663 786 1838 827 Dubitas
1860 799 1943 827 non

398 856 555 897 liabens·
580 856 879 911 plenitudinem
901 857 1108 904 vei-itatis,
1137 855 1245 909 quod
1275 854 1509 896 seeundum
1535 854 1746 909 ⁴tempora
1771 858 1946 908 quatuor

398 927 595 978 vuius-qne
623 927 719 965 anni
752 926 806 964 ita
835 924 954 964 nobis·
984 924 1147 964 diversa
1173 923 1323 973 gaudia
1344 938 1368 963 a
1391 923 1554 964 Christo
1577 922 1742 964 domino
1765 921 1944 978 pullula-

399 1000 513 1037 runt,
545 993 582 1033 id
613 1000 674 1032 est
701 995 738 1033 in
764 1007 841 1046 quo
865 998 986 1033 natus
1011 999 1092 1035 est,
1123 997 1211 1046 post
1234 993 1276 1032 in
1299 1005 1378 1045 quo
1401 992 1614 1046 apparuit,
1642 992 1764 1032 tertio
1793 991 1836 1031 in
1865 1003 1944 1045 quo

397 1076 542 1117 passus·
566 1068 626 1101 est
650 1068 691 1101 et
712 1063 935 1101 resurrexit
957 1066 997 1101 et
1017 1062 1129 1100 visu>-
1153 1064 1228 1111 ost,
1251 1064 1395 1114 quarto
1419 1062 1459 1101 in
1478 1074 1557 1114 quo
1575 1059 1765 1100 ascendit
1784 1060 1827 1100 in
1849 1072 1943 1100 cae-

399 1131 502 1173 lum:
527 1135 564 1169 et
588 1130 687 1170 haee
712 1143 783 1184 per
805 1143 959 1169 annum
982 1130 1068 1169 sine
1093 1130 1399 1169 intermissione
1423 1128 1679 1170 celebremus
1696 1126 1945 1182 generaliter

397 1198 650 1248 exultantes,
678 1203 800 1251 atque.
823 1198 922 1238 liaeo
946 1199 1104 1246 intes-rra
1136 1197 1412 1251 inviolataque
1444 1196 1726 1239 custodientes
1756 1195 1943 1238 detinea—

396 1282 499 1308 mus.
534 1267 707 1317 Quidam
731 1272 868 1306 autom
891 1266 997 1306 «lieni
1018 1266 1338 1320 Epiphaniorum
1358 1266 1568 1320 baptismi,
1589 1264 1659 1306 alii
1674 1265 1943 1307 transforma-

398 1337 520 1376 tionis·
544 1337 582 1375 in
607 1340 746 1376 monte
770 1349 872 1388 quae
897 1335 1002 1374 saeta
1024 1340 1085 1374 est
1109 1347 1198 1374 esse
1222 1336 1456 1389 opinantur.

481 1404 560 1444 Alii
585 1410 679 1444 sunt
704 1404 898 1444 haeretici
923 1404 989 1457 qni
1015 1402 1113 1455 legis
1137 1406 1357 1457 praecepta
1385 1416 1488 1456 quae
1517 1415 1592 1458 per
1612 1401 1806 1456 1M0ysen
1833 1401 1947 1443 dicta

395 1481 489 1513 sunt
517 1475 553 1513 in
576 1473 760 1513 Levitico
786 1472 945 1513 Iudaeis
968 1471 1186 1512 carnaliter
1215 1476 1436 1524 nostroque
1466 1473 1509 1513 in
1536 1474 1722 1527 tempore
1744 1468 1943 1526 spiritali-

395 1547 456 1581 ter
479 1541 680 1581 roi-olatan
704 1549 798 1581 sunt
823 1543 1056 1590 ignorantes
1078 1554 1284 1580 summam
1301 1553 1438 1580 rerum
1459 1539 1775 1581 festivitatembc
1797 1544 1943 1580 nume-

394 1623 566 1663 rumque
589 1623 728 1650 earum
752 1609 940 1649 caelestis
965 1608 1183 1648 utilitatis-⁴¹
1205 1612 1483 1663 praetereunt,
1503 1609 1741 1649 nescientes
1758 1606 1859 1662 quid
1875 1620 1943 1648 ce-

395 1678 569 1720 lebrent.
587 1681 781 1732 putantes
800 1678 906 1731 quod
925 1677 973 1718 de
993 1677 1176 1717 sabbatis
1195 1677 1327 1718 solum
1343 1682 1385 1717 et
1399 1676 1556 1732 paseha
1572 1681 1614 1717 et
1628 1676 1785 1730 azymis
1802 1673 1943 1729 ²Moy-

394 1763 460 1788 ses
481 1748 759 1802 praeceperit,
783 1752 821 1787 et
843 1760 925 1787 non
947 1745 996 1788 de
1019 1750 1109 1788 octo
1131 1745 1455 1787 festivitatibuse
1477 1759 1578 1800 quas
1601 1744 1780 1787 ecclesia.
1799 1744 1942 1787 catho-

484 1904 514 1938 2.
527 1908 703 1949 pareretur
715 1905 762 1940 A.
833 1906 863 1938 55.
883 1904 1017 1949 ignorat
1035 1904 1285 1950 praetermittit.
1309 1903 1427 1938 Potest
1443 1903 1487 1938 A.
1557 1903 1590 1937 4.
1606 1906 1763 1949 tempore
1778 1902 1825 1938 A.

484 1962 565 2006 Cap.
585 1961 702 1995 CXLI.
727 1964 758 1994 ίιι
779 1962 850 1994 (das.
875 1964 1071 2006 4ιἸιᾹὊιη’]ήηηι
1096 1961 1196 1995 habet
1211 1961 1263 1996 DE
1281 1971 1446 1996 LEVITICO
1461 1971 1543 1996 »1081
1561 1960 1677 2005 (MOSIS
1696 1961 1741 2006 b.)
1758 1969 1884 1995 EBBOR.
1902 1979 1944 1986 -—

398 2008 424 2041 l.
442 2007 563 2041 Mosen
582 2008 724 2051 (A)abc.
795 2007 826 2040 2.
842 2007 958 2041 Moses
976 2008 1119 2051 (Ambe.

439 2133 470 2166 b.
495 2137 607 2177 potest
625 2135 657 2165 et
675 2131 714 2165 de
729 2132 804 2165 aliis
819 2132 949 2176 diebus]
968 2132 1134 2167 intelleffe

392 2189 545 2223 peccare,
563 2178 616 2210 vel
634 2178 745 2211 simile
764 2178 854 2222 quid.
896 2175 1066 2211 Incodice
1085 2162 1133 2211 ‹Ii-

393 2224 531 2257 stinctio
543 2223 625 2256 haec
641 2230 707 2256 est:
729 2224 807 2267 „qui
821 2234 902 2267 ergo
918 2235 1024 2256 unum
1035 2225 1134 2268 igno-

392 2273 444 2302 rat
460 2269 712 2314 praetermittit.
735 2268 848 2302 Potest
866 2274 898 2302 et
915 2269 954 2302 de
973 2270 1047 2303 aliis
1065 2270 1134 2303 die-

393 2315 456 2348 bus
476 2315 633 2348 dubitas”
651 2320 714 2347 etc.

439 2360 520 2405 Cap.
540 2360 656 2394 CXLI.
682 2381 726 2385 —
761 2371 790 2393 a.
820 2360 1014 2404 spiritaliter
1039 2371 1134 2395 reve-

392 2407 475 2449 lata]
501 2406 686 2440 Manifesto
704 2406 853 2450 impleta.
903 2406 977 2447 (F.)

438 2453 470 2487 b.
496 2462 667 2485 summam
684 2462 798 2484 rerum
813 2451 1052 2494 festivitatem]
1071 2452 1131 2485 Est

393 2498 452 2542 qui
480 2498 565 2542 legit
589 2499 726 2530 dierum.
763 2496 831 2530 Sed
854 2497 957 2541 longe
980 2503 1132 2542 praestat

393 2556 513 2576 rerum.
546 2543 607 2576 Est
624 2543 716 2576 enim
736 2554 844 2575 rerum
855 2545 1031 2585 festivitas
1048 2542 1131 2575 ἀντί-

393 2601 492 2621 τυπον
515 2600 636 2622 verum
659 2599 697 2622 ac
718 2588 809 2621 reale
832 2588 962 2631 gratiae
985 2589 1067 2620 novi
1083 2593 1132 2621 te-

393 2635 571 2675 stamenti⁷
616 2633 707 2678 quod
743 2633 921 2666 festivitati
959 2634 1133 2667 umbratili

393 2680 527 2713 dierum
557 2680 593 2712 in
630 2680 706 2724 lege
737 2679 892 2712 Mosaica
927 2679 1132 2723 respondere

392 2725 596 2759 Philastrius
615 2726 785 2758 observat.
834 2724 907 2765 (F.)

439 2783 467 2804 e.
493 2781 664 2804 summam
674 2781 788 2803 rerum
801 2769 1038 2813 festivitatem]
1056 2769 1133 2804 Non

394 2816 512 2850 dubito
530 2816 612 2861 quin
628 2815 864 2860 reponendum
881 2815 925 2848 sit
943 2825 1134 2857 „summam

393 2873 510 2895 veram
525 2861 782 2895 festivitatum.²'
806 2860 878 2894 Iam
895 2871 998 2905 supra
1015 2871 1043 2893 c.
1060 2860 1133 2895 129.

393 2918 454 2952 pro
476 2920 592 2941 veram
614 2907 695 2940 libri
714 2906 917 2940 vetustiores
941 2906 1134 2939 obtulerant

393 2966 515 2987 rerum.
545 2952 721 2987 Genitivos
740 2952 917 2994 „caelestis
936 2951 1134 2995 dignitatis”

393 2999 499 3044 iunge
517 3009 596 3032 cum
612 2999 731 3032 vocab.
751 2997 984 3040 „numerum”

439 3044 470 3078 d.
495 3054 746 3089 numerumque
753 3052 880 3077 earum
893 3042 1051 3077 caelestis
1067 3042 1132 3076 uti-

1200 2133 1323 2176 litatis]
1346 2132 1410 2166 Per
1427 2142 1609 2166 numerum
1623 2132 1849 2174 octonarium,
1865 2132 1944 2166 bea-

1202 2184 1273 2212 tam
1289 2179 1576 2212 resurrectionem
1589 2181 1623 2212 et
1635 2182 1776 2212 aeterna
1787 2179 1944 2212 caelestis

1202 2225 1292 2257 vitae
1309 2224 1438 2269 gaudia
1453 2224 1608 2258 denotari
1624 2223 1810 2258 eredebant
1823 2225 1874 2270 pii
1887 2235 1944 2258 ve-

1202 2275 1302 2310 teres,
1318 2280 1462 2315 quorum
1477 2270 1555 2303 loca
1565 2269 1749 2303 laudarunt
1759 2269 1862 2315 Hugo
1871 2269 1944 2304 Me-

1203 2316 1330 2349 nardus
1363 2315 1406 2349 ad
1437 2315 1752 2349 Sacramentarium
1786 2314 1956 2361 Gregorii?

1202 2362 1248 2395 M.
1266 2373 1299 2406 p.
1317 2360 1370 2395 33.
1389 2372 1461 2406 seq.
1485 2364 1519 2394 et
1535 2359 1726 2394 Gotelerius
1744 2361 1788 2394 ad
1803 2361 1941 2407 Episto-

1202 2408 1272 2440 lam
1288 2406 1467 2440 Barnabae
1485 2417 1511 2440 c.
1533 2405 1582 2439 15.
1600 2417 1632 2451 p.
1649 2406 1705 2440 47.
1754 2406 1830 2450 (F.)

1247 2464 1275 2486 e.
1301 2456 1378 2486 octo
1393 2451 1638 2486 festivitatibus
1683 2452 1734 2485 De
1752 2455 1829 2486 octo
1846 2452 1943 2486 festis

1201 2509 1288 2543 quae
1312 2497 1344 2531 h.
1369 2498 1390 2531 1.
1420 2501 1598 2531 enumerat
1653 2498 1804 2532 abrieius
1832 2501 1945 2532 cetera

1200 2544 1343 2588 vulgata
1359 2548 1393 2577 et
1410 2543 1529 2583 obvia3
1546 2542 1587 2575 de
1604 2547 1727 2587 quarta
1739 2543 1877 2577 sabbati
1889 2543 1945 2577 adi

1201 2590 1248 2623 sis
1266 2588 1410 2622 Constit.
1427 2589 1546 2633 Apost.
1562 2587 1636 2623 VIL
1668 2588 1721 2624 23.
1745 2589 1865 2634 ibique
1880 2588 1943 2623 Co-

1200 2635 1359 2668 telerium
1374 2644 1454 2680 pag.
1471 2633 1565 2675 369„
1583 2634 1707 2678 quibus
1724 2634 1848 2668 addere
1863 2635 1944 2668 licet

1201 2680 1415 2714 Amalarium
1439 2679 1623 2712 diaconum
1644 2679 1702 2713 ΙΠ.
1726 2679 1820 2714 Eccl.
1844 2679 1943 2723 Offic.

1203 2726 1272 2765 Ξῖ,
1296 2726 1449 2770 itemque
1475 2724 1726 2769 Hieronymum
1750 2724 1943 2759 Comment.

1202 2771 1243 2804 ad
1264 2771 1375 2805 Galat.
1393 2771 1450 2804 lib.
1463 2769 1516 2811 IL,
1533 2780 1607 2814 cap.
1621 2770 1654 2803 4.
1670 2770 1707 2803 in
1718 2771 1821 2804 illud:
1841 2770 1942 2814 „Dies

1202 2816 1411 2850 observatis’'
1424 2819 1498 2857 etc„
1515 2825 1601 2859 quos
1614 2815 1745 2860 profert
1755 2816 1803 2850 Io.
1815 2815 1942 2850 Fronto

1202 2862 1237 2895 in
1261 2862 1474 2907 praenotatis
1498 2860 1542 2894 ad
1564 2861 1672 2895 Vetus
1695 2861 1838 2896 Kalend.
1862 2863 1893 2904 ξ.
1908 2860 1942 2896 5.

1201 2918 1234 2952 p.
1254 2907 1327 2941 134.
1352 2907 1568 2952 Augustinus
1591 2917 1728 2952 quoque
1743 2907 1853 2952 Epist.
1869 2905 1940 2940 86.=

1204 2951 1294 2995 „Cur
1319 2957 1440 2997 quarta
1462 2955 1496 2984 et
1518 2955 1621 2985 sexta
1634 2953 1790 2986 maxime
1811 2953 1943 2986 ieiunet

1203 2999 1346 3032 eeclesia
1368 2999 1428 3032 illa.
1446 2997 1533 3032 ratio
1557 2997 1654 3032 reddi
1673 2998 1826 3039 videtur,
1849 2997 1941 3043 quod

1203 3044 1417 3078 considerato
1432 3043 1614 3087 evangelio
1633 3043 1712 3088 ipsa
1726 3046 1848 3089 quarta
1861 3042 1940 3078 sab-
