2052 3342
155 900 220 930 Cap.
239 898 365 924 LXXIH.

157 2126 225 2158 Cap.
242 2126 363 2151 Lxxlv.

397 234 477 274 260
1015 229 1314 256 PRAEDESTINATI

395 337 496 376 torio
533 334 768 375 inchoatam
804 332 1026 375 1Philastro
1066 333 1273 374 scribente
1307 335 1551 376 invenimus,
1602 335 1655 376 Hi
1689 334 1741 376 ad
1775 337 1935 376 tantam

395 405 619 444 vanitatem
649 401 830 443 devoluti
860 406 977 454 sunt,
1012 407 1057 443 ut
1088 402 1230 442 dicant
1258 415 1400 443 omnes
1429 402 1656 444 haereticos
1685 406 1795 444 recte
1826 402 1937 458 apud

395 472 518 512 deum
540 471 744 514 incedere,
768 472 863 525 quia
884 471 958 511 hoc
982 472 1022 511 in
1047 484 1187 512 eorum
1210 470 1420 511 mentibus
1443 470 1581 511 datum
1605 475 1685 512 est:
1715 472 1773 512 sic
1796 470 1937 512 colunt

394 540 516 581 deum
544 541 651 580 sieut
678 543 865 594 possunt.
915 539 1035 579 Error
1064 553 1204 580 eorum
1233 539 1354 580 nobis
1384 538 1549 579 videtur
1576 539 1935 594 reprehensibilis3

392 608 501 664 apud
529 608 651 648 deum
680 613 816 648 autem
845 620 920 647 1100
944 621 1054 647 error
1077 612 1140 647 est
1161 621 1235 647 nec
1257 608 1517 662 vituperatio.
1567 607 1620 648 IIi
1641 606 1715 649 hoc
1739 606 1937 648 docentur

392 692 414 717 a
437 678 521 717 suis
546 676 798 728 <lm—toribus,
826 680 871 715 ut
898 679 1061 730 practer
1083 675 1238 729 templa
1261 680 1300 715 ct
1322 688 1563 729 synagogas,
1590 675 1839 730 ubicumque
1870 677 1935 716 in-

391 750 560 786 vocatur
582 745 769 785 Christus
791 748 912 784 natus
934 757 983 784 ex
1004 745 1176 796 virgine,
1199 745 1405 784 introcant
1427 747 1465 784 ct
1482 744 1705 799 participes
1722 757 1765 785 se
1782 744 1937 785 faciant

393 815 702 855 haereticorum.

477 882 788 937 septuagesima
810 886 850 921 et
871 882 993 920 tertia
1015 880 1196 921 haeresis
1219 884 1282 920 est
1303 880 1667 934 Theoponitarum.
1717 880 1769 921 Hi
1792 880 1937 922 dicunt

394 953 432 991 in
463 951 643 992 Christo.
674 950 769 990 dum
798 953 1028 1004 pateretur.
1065 949 1326 989 divinitatem
1362 950 1419 989 sic
1452 948 1630 989 doluisse
1665 950 1772 990 sicut
1799 952 1938 1004 potest

392 1019 529 1060 dolere
552 1021 690 1059 anima
714 1018 809 1058 duni
834 1032 978 1072 corpus
1002 1017 1215 1071 suppliciis
1238 1018 1382 1069 agitur.
1437 1016 1493 1057 1)0
1517 1017 1666 1071 quibus
1695 1018 1752 1057 ait
1782 1017 1934 1070 Grego-

393 1090 474 1128 rius
499 1090 736 1143 episcopus:
761 1085 950 1126 Infelices
974 1090 1009 1125 et
1031 1087 1170 1125 miseri
1189 1099 1269 1126 11011
1295 1085 1438 1125 vident
1459 1087 1499 1125 in
1518 1085 1747 1138 arboribus,
1769 1084 1932 1139 quando

393 1158 497 1197 ferro
516 1156 756 1205 caeduntur,
776 1154 903 1194 solem
923 1156 1089 1207 quidem
1106 1167 1195 1193 0550
1214 1155 1254 1193 111
1273 1153 1508 1194 arboribus:
1526 1153 1727 1208 numquid
1743 1153 1933 1194 ¹0mnin0

392 1225 502 1265 dolet
524 1224 621 1265 solis
644 1222 851 1278 splendor,
875 1236 996 1275 quem
1027 1223 1183 1275 utiquc,
1212 1226 1433 1275 antequam
1455 1221 1506 1262 ad
1527 1221 1685 1275 lignum
1704 1223 1934 1277 perveniat,

392 1295 568 1348 priorem
591 1294 695 1332 ictus
719 1292 812 1331 ferri
836 1288 1063 1343 contingit?
1094 1290 1205 1331 Deus
1229 1304 1321 1343 ergo
1342 1290 1413 1330 lux
1435 1294 1511 1342 est,
1533 1293 1574 1330 et
1594 1289 1794 1344 quomodo
1818 1289 1935 1331 caedi

390 1366 526 1417 potest
547 1359 645 1401 lux?
693 1359 795 1400 Nam
819 1358 928 1412 quod
949 1359 1087 1398 anima
1108 1360 1161 1398 511
1183 1372 1286 1412 quae
1309 1358 1447 1399 doleat
1466 1359 1509 1399 in
1531 1372 1714 1413 corpore,
1741 1357 1838 1400 hinc
1859 1358 1934 1418 ad<

393 1432 609 1481 vertimus,
641 1427 749 1482 quod
783 1427 999 1467 recedente
1031 1428 1169 1467 anima
1197 1427 1247 1467 de
1280 1439 1447 1481 corpore
1479 1426 1592 1467 nulla
1620 1430 1757 1481 potest
1787 1440 1933 1482 corpus

391 1501 557 1550 sentire,
580 1511 654 1538 nec
679 1496 852 1537 adversa
873 1510 948 1536 nec
972 1509 1178 1550 prospera.
1231 1495 1277 1535 111
1307 1508 1473 1550 corpore
1502 1508 1595 1548 ergo
1619 1494 1775 1537 domini
1802 1496 1932 1536 nostri

394 1568 482 1607 lesu
504 1567 655 1607 Christi
678 1566 817 1605 anima
838 1564 1106 1604 humanitatis
1129 1565 1278 1616 sensit,
1308 1577 1429 1616 quam
1458 1577 1552 1604 cum
1573 1577 1742 1618 corpore
1764 1563 1931 1605 adsum-

392 1638 484 1691 psit,
506 1649 588 1676 non
611 1635 697 1688 ipse
721 1634 789 1687 qui
811 1632 1056 1686 adsumpsit,
1074 1633 1180 1672 sicut
1200 1645 1274 1672 nce
1298 1631 1371 1684 sol,
1393 1633 1462 1685 qui
1484 1633 1526 1672 in
1542 1632 1687 1673 arbore
1705 1645 1828 1686 quam
1843 1646 1931 1673 me-

389 1717 596 1745 moramus
618 1701 779 1743 inluxit.
830 1700 1002 1742 Etiamsi
1034 1699 1132 1741 solis
1158 1699 1228 1740 lux
1251 1701 1294 1740 111
1322 1700 1465 1741 arbore
1487 1701 1618 1755 possit
1638 1714 1663 1740 a
1688 1700 1931 1741 verberante

391 1771 571 1824 concidi,
601 1773 643 1811 in
661 1770 822 1810 Christo
847 1769 1042 1809 divinitas
1065 1782 1147 1809 non
1169 1770 1301 1823 possit
1321 1783 1344 1808 a
1371 1769 1580 1809 cruciante
1612 1769 1807 1822 contingi,
1837 1770 1934 1823 quia

390 1841 487 1882 solis
515 1840 585 1881 lux
613 1842 799 1880 creatura
825 1841 909 1889 est,
945 1836 1010 1877 hic
1040 1841 1180 1877 autem
1207 1840 1365 1877 creator
1392 1838 1628 1890 agnoscitur
1659 1841 1700 1877 et
1723 1836 1931 1892 probatur.

389 1910 495 1950 Nam
517 1907 626 1962 quod
643 1908 782 1947 anima
802 1905 1072 1946 humanitatis
1101 1906 1278 1946 senserit
1298 1906 1533 1959 passionem
1553 1906 1643 1959 ipse
1665 1904 1854 1947 dominus
1876 1907 1934 1947 ait

390 1977 443 2017 ad
464 1975 688 2030 discipulos
711 1987 821 2026 suos,
843 1973 1006 2025 dicens,
1034 1972 1048 1996 2
1065 1972 1215 2015 Tristis
1243 1981 1300 2014 est
1319 1975 1461 2014 (mima
1487 1988 1577 2014 mea
1597 1988 1728 2029 usque
1748 1975 1806 2016 ad
1822 1989 1932 2016 mor-

390 2053 478 2087 tem.
527 2044 578 2085 Et
597 2043 694 2084 111110
717 2042 870 2083 dixisse
893 2042 1081 2081 sufficiat.
1132 2041 1388 2082 Accedamus
1410 2040 1462 2082 ad
1482 2041 1675 2095 reliquos.

474 2112 832 2167 Septuagesimam
853 2114 893 2150 et
915 2114 1102 2163 quartam
1123 2109 1328 2150 haeresim
1354 2109 1629 2151 1Triscelidae
1657 2111 1932 2163 incurrerunt,

390 2183 459 2237 qui
479 2181 709 2221 triformem
731 2178 853 2219 deum
873 2179 931 2218 ita
952 2177 1170 2231 adserunt,
1198 2182 1244 2218 ut
1272 2178 1475 2231 quaedam
1495 2192 1590 2233 pars
1612 2179 1700 2220 eius
1729 2180 1784 2220 sit
1802 2183 1932 2234 pater,

390 2249 590 2304 quaedam
619 2247 749 2299 filius,
779 2245 980 2300 quaedam
1009 2247 1178 2300 spiritus
1208 2251 1396 2299 sanctus,
1425 2251 1467 2287 et
1494 2246 1591 2288 hinc
1618 2247 1672 2287 sit
1697 2248 1861 2288 trinitas
1888 2248 1932 2288 in

390 2320 560 2359 unitate.
610 2316 670 2358 De
700 2314 848 2369 quibus
879 2315 937 2353 ait
966 2314 1203 2367 Gregorius:
1239 2314 1429 2355 Infelices
1458 2318 1499 2355 et
1524 2316 1668 2356 miseri
1687 2329 1771 2357 non
1790 2315 1933 2357 vident

391 2388 486 2441 quia
505 2389 635 2427 totam
655 2385 789 2438 ipsam
807 2383 1037 2423 trinitatem
1057 2381 1358 2436 blasphemant.
1398 2383 1491 2424 Non
1512 2387 1575 2424 est
1596 2384 1708 2424 enim
1729 2383 1830 2425 deus
1850 2382 1932 2424 nisi

391 2457 460 2509 qui
480 2456 524 2495 in
544 2454 679 2507 seipso
700 2451 908 2506 perfectus
931 2453 1004 2490 est.
1053 2449 1266 2491 Perfectus
1295 2464 1389 2504 ergo
1416 2455 1534 2506 pater
1559 2451 1790 2506 perfectum
1817 2465 1867 2492 ex
1887 2464 1930 2491 se

389 2524 530 2577 genuit
558 2521 704 2573 filium,
732 2518 938 2574 perfectus
967 2531 1017 2557 ex
1042 2522 1157 2572 patre
1184 2519 1371 2573 procedit
1401 2519 1569 2574 spiritus
1597 2523 1778 2561 sanctus.
1825 2518 1930 2560 Ecce

389 2591 468 2632 tria
487 2590 672 2645 perfecta
690 2601 775 2629 non
795 2586 952 2627 faciunt
970 2589 1054 2625 tres
1077 2585 1196 2640 deos,
1218 2587 1292 2628 sed
1311 2601 1454 2640 unum,
1483 2587 1580 2642 quia
1598 2601 1682 2628 una
1702 2591 1765 2628 est
1785 2586 1928 2628 deitas.

389 2659 482 2702 Non
502 2659 613 2699 enim
634 2656 742 2698 sicut
762 2658 859 2697 sunt
877 2658 961 2694 tres
981 2667 1196 2708 personae,
1218 2657 1275 2696 sic
1298 2659 1380 2696 tres
1404 2655 1592 2709 deitates,
1621 2655 1696 2697 sed
1716 2658 1813 2696 sunt
1831 2658 1930 2707 tres,

390 2730 507 2782 pater
528 2730 569 2766 et
587 2725 696 2766 filius
715 2727 755 2764 et
775 2722 942 2778 spiritus
965 2725 1146 2774 sanctus,
1168 2723 1240 2764 sed
1260 2737 1343 2764 una
1359 2723 1505 2774 deitas,
1520 2737 1604 2765 una
1617 2725 1827 2776 maiestas,
1847 2736 1930 2764 una

389 2796 534 2848 virtus,
553 2807 637 2835 una
655 2792 846 2833 voluntas
869 2794 910 2831 et
928 2804 1011 2831 una
1031 2790 1262 2832 substantia
1282 2792 1528 2834 confitenda.

458 2895 540 2940 Cap.
556 2892 698 2928 LXXII.
716 2912 759 2917 —
785 2892 812 2925 l.
831 2892 934 2924 Immo
951 2892 1147 2934 Augustino.
1186 2892 1237 2936 C'f.
1256 2905 1361 2938 supra
1379 2905 1456 2938 cap.
1480 2892 1534 2927 5⁶2.
1557 2897 1589 2925 et
1603 2902 1680 2936 cap.
1697 2888 1752 2924 57.
1773 2891 1831 2924 ubi
1852 2893 1928 2925 item

392 2941 598 2974 Plcilastrum
609 2952 674 2983 pro
691 2938 878 2981 Auqustino
895 2939 1023 2971 citarit.

459 2986 541 3030 Cap.
558 2983 716 3020 LXXIII.
739 3003 782 3008 —
813 2982 842 3015 1.
859 2983 998 3016 omnino
1015 2994 1084 3025 eqo.
1108 2993 1178 3016 non
1195 2982 1269 3017 edd.
1285 2983 1388 3018 Sirm.
1409 2983 1515 3024 Gall„
1540 2981 1812 3015 consentientibus
1834 2981 1929 3015 haud

394 3032 489 3064 dubie
507 3037 580 3064 cett.
599 3030 705 3063 libris.
774 3027 807 3062 2.
824 3027 944 3061 Matth.
960 3026 1088 3069 XXVI,
1105 3026 1159 3062 38.

460 3075 539 3119 Cap.
557 3074 714 3109 LXXIV.
734 3094 774 3099 -—
794 3073 823 3106 l.
839 3072 1038 3107 Triscilidae
1056 3073 1130 3108 edd.
1147 3073 1247 3108 Sirm.
1268 3074 1428 3108 Gallaud.
