2052 3342
368 197 445 237 112
1037 194 1232 219 PHILASTRI

365 299 465 340 dicit
487 299 733 352 seripturass,
762 297 877 338 Fluit
899 298 1087 338 dominus
1108 312 1135 337 α
1156 297 1320 337 domino
1340 311 1465 352 super
1481 296 1704 339 Sodomam
1722 294 1903 340 701890-

363 382 547 408 merram
566 365 742 421 sulphur
762 373 799 406 et
818 367 965 420 zynem,
988 364 1087 419 quid
1109 364 1182 405 tibi
1207 364 1370 405 videtur
1392 363 1608 407 nuntiare?
1629 378 1765 407 nonne
1784 363 1906 407 deum

364 440 521 490 patrem
544 448 616 488 per
638 434 767 475 lilium
789 448 922 486 suum,
946 433 984 474 id
1006 437 1069 474 est
1090 432 1298 473 Christum
1320 432 1444 474 deum
1465 438 1613 475 cuncta
1629 435 1747 488 signa
1764 436 1806 474 et
1824 434 1904 474 mi-

368 503 514 543 rabilia
535 503 755 556 perfecisse
778 500 1028 543 declaravit?
1060 500 1175 550 Quod
1198 502 1333 541 sciens
1355 501 1488 542 David
1510 501 1722 543 dominum
1742 505 1903 556 patrem

367 578 403 611 et
428 570 640 611 (lominum
663 571 891 623 (ln-istum,
921 570 961 610 id
990 574 1052 609 est
1082 569 1252 609 verbum
1279 571 1386 621 eius,
1422 573 1464 610 et
1498 573 1687 611 sanctum
1714 571 1907 625 spiritum

366 638 603 679 nuntiabat:
625 641 852 679 trinitatem
875 637 1041 692 quidem
1062 651 1352 692 personarum,
1374 639 1494 678 unius
1514 641 1655 678 tamen
1674 638 1904 679 maiestatis

364 714 401 747 et
425 707 679 747 substantiae
697 722 743 748 ac
762 707 992 747 divinitatis
1010 705 1223 759 aequalem
1240 707 1466 760 potentiam
1483 705 1713 747 nuntiabat.
1745 705 1903 746 Tamen

364 775 492 815 filium
515 775 563 816 de
587 775 661 817 deo
684 780 798 830 patre
821 789 911 816 esse
932 774 1131 829 9111101011,
1154 779 1195 814 et
1216 775 1406 828 spiritum
1424 778 1628 827 sanctum,
1648 775 1812 829 proprie
1831 773 1904 814 de-

363 845 626 894 monstravit,
657 843 871 885 edocensi:
915 842 1045 884 Verbo
1074 843 1231 883 domini
1256 843 1542 895 caelifirmati
1558 849 1675 895 sunt,
1697 849 1734 884 et
1753 842 1906 898 spiritu

363 914 446 953 orel>-
468 914 554 953 ez'us
577 914 705 953 onmis
729 914 857 952 virtus
879 927 1042 960 eorunm
1070 916 1109 951 et
1132 912 1281 951 iterum
1303 910 1445 951 alibik:
1476 910 1600 951 Dtm'c
1620 910 1810 951 dominae
1832 910 1904 951 do-

361 983 470 1021 mino
491 995 590 1021 meo.
636 980 685 1021 Et
708 994 850 1021 01111105
873 980 1094 1035 prophetae
1118 978 1167 1019 (10
1189 979 1314 1020 verbo
1338 983 1380 1019 et
1401 980 1553 1033 spiritu
1579 977 1908 1031 nuntiaverunt¹,

361 1049 512 1103 ubique.
547 1051 602 1089 ita
635 1049 837 1090 dieentes:
874 1049 931 1089 Et
949 1048 1121 1103 J'actum
1151 1055 1209 1088 est
1241 1046 1407 1088 verbum
1438 1047 1597 1088 domini
1624 1047 1683 1088 ad
1699 1053 1815 1099 mem,
1847 1050 1906 1087 et:

363 1116 586 1172 ¹⁰sz'm'tus
609 1118 767 1158 domini
789 1117 874 1167 fait
895 1118 952 1157 acl
970 1123 1068 1157 men.
1118 1116 1222 1169 Ergo
1245 1129 1328 1157 non
1350 1119 1414 1156 est
1436 1114 1530 1156 fidei
1553 1128 1678 1156 causa.
1698 1118 1904 1170 tempora-

361 1185 410 1226 lis
441 1186 835 1230 1¹Christia11itas0v.
865 1184 937 1225 secl
965 1189 1059 1225 ante
1089 1183 1260 1225 Iudaeos
1283 1188 1323 1224 et
1350 1197 1532 1238 paganos
1560 1184 1604 1224 in
1631 1182 1720 1236 lege
1741 1182 1908 1237 quidem

361 1254 622 1295 studentibus
645 1259 685 1294 et
712 1253 1003 1307 quaerentibus
1036 1257 1123 1293 erat
1152 1252 1436 1293 manifestata:
1469 1250 1593 1293 1211011
1624 1255 1762 1292 autem
1793 1251 1904 1292 ¹³0³.-

359 1323 569 1377 pientibus
580 1330 596 1352 ‘¹
621 1322 648 1345 ¹⁴
661 1336 737 1363 vox
760 1323 886 1376 patris
905 1322 1279 1375 omnipotentisque
1293 1321 1468 1361 scientia
1483 1319 1753 1361 nuntiabatur
1769 1332 1794 1360 a
1809 1332 1906 1360 san-

361 1393 437 1431 ctis
467 1391 548 1431 illis
579 1390 812 1431 doctoribus
845 1394 885 1430 et
913 1390 1119 1444 perfectis.
1170 1388 1266 1429 Vita
1294 1390 1419 1429 etiam
1447 1402 1531 1430 non
1557 1387 1640 1429 alia
1666 1389 1824 1444 priores
1847 1386 1909 1428 illi

360 1461 491 1500 sancti
513 1460 593 1499 nisi
615 1458 705 1510 hac,
727 1460 768 1499 in
791 1472 870 1512 qua
890 1472 965 1500 nos
986 1459 1179 1510 vivimus,
1201 1456 1436 1498 utebantur.
1468 1456 1608 1511 Usque
1629 1455 1682 1497 ad
1697 1455 1908 1498 Abraham

437 1567 479 1611 .7·
500 1572 531 1601 et
549 1580 609 1602 om.
629 1568 659 1602 (1.
730 1564 760 1600 S.
783 1565 949 1600 Gomorra
968 1565 1012 1599 A.
1084 1565 1115 1598 9.
1138 1564 1284 1609 priorem
1302 1563 1331 1598 Ι).
1373 1564 1417 1596 In
1440 1563 1485 1598 A.
1504 1563 1607 1597 verba
1653 1562 1752 1607 tiore,
1779 1565 1814 1596 et
1836 1562 1906 1608 spi-

357 1613 461 1646 ritum
484 1618 643 1647 sanetum
660 1615 782 1645 omiss-a
799 1617 883 1646 sunt.
935 1610 986 1644 10.
1005 1610 1144 1655 spiritus
1161 1610 1273 1654 inquit
1289 1609 1419 1643 domini
1435 1609 1481 1643 A.
1533 1608 1584 1643 11.
1603 1607 1628 1642 C
1671 1608 1842 1642 istianitas
1860 1608 1906 1644 A.

358 1658 623 1693 Christianitatis
643 1659 772 1699 reliqui.
837 1656 887 1690 12.
907 1668 975 1689 non
995 1657 1059 1690 Ac.
1078 1666 1168 1689 nunc
1187 1657 1316 1699 reliqui.
1374 1654 1424 1689 13.
1442 1654 1657 1700 capientibus
1673 1654 1720 1689 A.
1739 1653 1906 1700 cupienti-

358 1705 420 1738 bus
439 1706 570 1749 reliqui.
631 1704 681 1738 14.
699 1703 759 1737 vix
775 1702 881 1747 patris
900 1701 1148 1747 omnipotentis
1167 1701 1311 1735 scientia
1326 1701 1373 1735 A.

402 1813 435 1845 g.
461 1802 642 1847 scriptura]
671 1800 794 1835 Genes.
810 1799 907 1834 XIX.
926 1798 978 1832 24.
996 1809 1100 1844 supra

356 1858 389 1892 p.
406 1845 481 1881 214.
528 1847 603 1888 (F.)

401 1903 433 1937 h.
459 1904 583 1949 priore]
609 1903 661 1937 Ita
677 1906 767 1937 recte
784 1902 926 1936 Helmst.
945 1905 977 1935 et
993 1901 1099 1935 Basil.

356 1960 438 1983 nam
454 1950 489 1983 in
506 1949 615 1993 Lugd.
632 1949 720 1982 male
739 1952 791 1981 est
802 1951 961 1992 priorem.
1000 1947 1100 1981 Pater

355 1996 426 2028 filio
444 1995 536 2039 prior
553 2000 604 2027 est
621 1995 763 2039 origine,
780 2005 851 2027 non
866 1997 1019 2038 tempore
1036 2004 1099 2026 1100

356 2045 489 2074 natura.
535 2040 610 2081 (F.)

401 2098 422 2130 i.
448 2097 606 2141 edocens]
631 2095 948 2130 Psal.XXX1n.6.
975 2095 1100 2130 Confer

357 2153 461 2188 supra
478 2154 504 2175 e.
525 2142 598 2176 108.
646 2142 720 2183 (F.)

856 2198 930 2240 (Ε)

400 2199 433 2232 k.
459 2199 554 2243 alibi]
579 2198 668 2232 Psal.
688 2198 759 2232 CX.
779 2198 808 2230 7.

401 2245 422 2277 l.
451 2244 707 2288 nuntiaverunt]
732 2243 890 2277 Hoeloco
903 2243 1100 2288 ponendum

357 2301 501 2331 comma,
529 2301 599 2323 non
626 2295 705 2334 post
739 2290 869 2332 ubique,
904 2293 941 2322 ut
968 2289 1100 2322 faciunt

355 2336 484 2380 priores
502 2335 678 2368 editiones.
726 2334 800 2374 (F.)

399 2393 446 2416 m.
477 2381 621 2414 verbum
648 2380 778 2413 domini
801 2379 843 2412 ad
866 2381 940 2422 me]
977 2379 1096 2413 Esaias

354 2425 551 2461 XXXVIII.
568 2426 599 2459 4.
648 2425 723 2466 (F.)

400 2484 432 2505 n.
459 2472 606 2517 Spiritus
635 2470 764 2504 domini
786 2470 852 2503 fuit
873 2469 916 2502 ad
932 2471 1008 2512 me]
1049 2470 1094 2503 Id.

354 2517 443 2552 LXI.
463 2518 491 2550 1.
508 2516 627 2550 Ezech.
643 2516 705 2551 XI.
721 2515 752 2549 5.
769 2519 832 2549 etc.
880 2515 954 2556 (F.)

412 2586 442 2607 o.
473 2585 544 2607 11011
572 2576 624 2606 est
653 2572 734 2605 fidei
765 2582 869 2605 causa
899 2572 1096 2616 temporalis

356 2618 607 2663 Christianitas]
618 2618 724 2652 Vetus
734 2617 839 2661 gloss.
853 2644 868 2657 „
879 2616 951 2649 Tem
950 2619 1095 2660 perulis,

356 2663 615 2709 ὀλιγοχνόνιοςΡ
655 2663 834 2696 Sententia
850 2661 1023 2695 Philastrii
1044 2666 1097 2695 est

354 2711 459 2744 fidem
468 2682 732 2744 &hristianitatis
748 2708 818 2741 sive
827 2706 1098 2741 Christianorum

354 2767 424 2789 11011
441 2767 515 2789 0550
533 2758 610 2788 ante
629 2754 728 2787 breve
740 2758 875 2798 tempus
888 2753 1026 2786 demum
1039 2764 1097 2786 ex-

355 2806 482 2843 ortam,
512 2811 582 2834 non
604 2810 686 2833 0550
701 2798 851 2844 χρονίτας
875 2797 1098 2839 Christianos,

356 2859 423 2891 quo
452 2846 604 2881 convicio
639 2843 822 2878 catholicos
856 2843 1098 2888 proscindebat

354 2893 485 2934 Aetius,
499 2890 705 2937 perabsmde
720 2889 857 2934 quidem
868 2890 924 2922 ille
938 2889 981 2922 ad
994 2900 1097 2933 quem

355 2938 389 2970 S.
407 2937 615 2971 Athanasius
632 2935 757 2979 dialog.
770 2934 800 2967 2.
818 2934 859 2967 de
872 2935 962 2968 Trin.
977 2946 1010 2979 p.
1023 2934 1096 2967 193.

355 2984 392 3015 T.
411 2984 441 3016 2.
482 2983 596 3025 ῃΤίνας
620 2980 654 3014 δὲ
683 2980 784 3024 λέγεις
815 2979 984 3025 χρονὶτας;
1021 2978 1094 3017 τοὺς

355 3026 418 3060 ἀπὸ
436 3030 500 3061 τῶν
526 3027 625 3072 ἁγίων
645 3024 837 3059 ἀποστόλων
856 3025 951 3070 μέχρι
967 3024 1019 3059 καὶ
1036 3023 1094 3067 σή-

1170 1809 1265 1851 μερον
1304 1795 1468 1836 αἰνοῦντας
1504 1796 1626 1841 πατέρα
1665 1795 1717 1829 καὶ
1759 1794 1826 1829 υἱὸν
1858 1794 1910 1828 καὶ

1169 1843 1259 1888 άγιον
1284 1845 1425 1887 πνεῦμα;
1448 1843 1468 1885 ἢ
1491 1842 1565 1881 τοὺς
1583 1840 1647 1875 ἀπὸ
1668 1843 1728 1875 σοῦ
1744 1841 1818 1880 τοὺς
1834 1840 1911 1887 χθὲς

1168 1890 1187 1931 ἢ
1206 1888 1344 1933 σήμερον
1362 1887 1514 1933 φανέντας
1527 1887 1580 1920 καὶ
1596 1887 1713 1932 αἵρεσιν
1735 1885 1870 1933 ἔχοντας
1880 1886 1910 1932 ;''

1167 1934 1296 1968 Eodem
1329 1945 1434 1967 sensu
1466 1933 1675 1968 vocabulum
1706 1933 1910 1977 temporalis,

1166 1991 1229 2025 pro
1254 1991 1289 2013 re
1313 1984 1392 2013 ante
1416 1980 1519 2014 breve
1540 1983 1677 2024 tempus
1700 1981 1832 2020 exorta,
1855 1978 1911 2012 vel

1167 2037 1226 2070 per
1243 2026 1344 2059 breve
1356 2029 1492 2070 tempus
1504 2024 1658 2066 durante,
1670 2024 1807 2069 saepius
1820 2023 1911 2069 apud

1168 2075 1324 2104 nostrum
1340 2071 1488 2115 ponitur,
1511 2069 1572 2104 sed
1583 2073 1617 2103 et
1628 2069 1720 2114 apud
1731 2069 1909 2104 Tertullia-

1168 2127 1253 2150 num
1269 2121 1302 2150 et
1318 2117 1415 2149 alios.
1460 2115 1534 2157 (F.)

1213 2174 1246 2207 p.
1271 2162 1471 2207 temporalis
1489 2160 1727 2195 Christianitas
1773 2160 1907 2205 Tempo-

1167 2210 1255 2241 ralis
1276 2207 1331 2240 hic
1353 2211 1388 2240 et
1408 2207 1492 2240 alibi
1513 2206 1660 2240 sumitur
1683 2216 1704 2239 a
1752 2204 1908 2239 hilastrio

1166 2265 1227 2298 pro
1241 2264 1277 2286 re
1290 2256 1368 2286 ante
1378 2253 1479 2286 breve
1490 2255 1560 2286 tem
1585 2262 1626 2285 us
1635 2255 1764 2293 exorta,
1774 2254 1909 2296 utrecte

1167 2299 1300 2332 notavit
1312 2298 1489 2332 Fabricius
1506 2297 1548 2331 ad
1587 2297 1628 2330 .1.
1643 2300 1677 2330 et
1689 2297 1732 2330 ad
1744 2307 1818 2342 cap.
1833 2295 1907 2330 112.

1170 2344 1242 2378 122,
1261 2343 1334 2377 129.
1353 2343 1464 2388 „quod
1475 2346 1528 2376 est
1537 2341 1831 2387 temporalitatis,”
1842 2349 1907 2386 pro

1165 2401 1204 2423 eo
1229 2389 1320 2434 quod
1341 2399 1461 2423 recens
1485 2388 1695 2432 minimeque
1716 2388 1907 2432 antiquum,

1165 2435 1359 2480 explicante
1376 2434 1496 2468 eodem
1513 2433 1675 2467 Fabricio.
1722 2432 1908 2478 (Galeard.)

1211 2492 1242 2525 q.
1266 2492 1338 2514 non
1359 2484 1475 2514 autem
1496 2478 1725 2524 cupientibus]
1754 2478 1808 2512 Ita
1826 2477 1908 2512 scri-

1164 2526 1316 2560 bendum
1330 2525 1416 2559 mihi
1429 2525 1542 2558 visum
1563 2527 1616 2557 est
1636 2523 1829 2558 necessario
1844 2533 1907 2568 pro

1164 2584 1266 2612 nune,
1291 2571 1383 2616 quod
1408 2571 1541 2604 nullum
1566 2569 1733 2603 fundebat
1755 2579 1906 2603 sensum.

1164 2617 1267 2650 Venit
1282 2617 1386 2650 etiam
1402 2616 1438 2649 in
1453 2618 1605 2649 mentem
1621 2615 1830 2659 capientibus
1843 2625 1906 2659 pro

1165 2663 1388 2707 cupientibus,
1409 2660 1475 2695 hoo
1500 2664 1617 2694 tamen
1638 2660 1802 2705 praetuli,
1825 2659 1908 2704 quia

1165 2707 1382 2741 studentibus
1399 2711 1433 2740 et
1448 2706 1689 2751 quaerentibus
1711 2705 1835 2739 melius
1854 2715 1906 2738 re·

1165 2753 1321 2797 spondet.
1355 2751 1478 2786 Esaiae
1499 2751 1604 2786 LXV.
1631 2751 1660 2784 1.
1684 2751 1909 2791 „Invenerunt

1166 2801 1222 2841 quc*
1238 2811 1300 2831 non
1309 2800 1541 2842 quaesiverunt
1552 2796 1633 2829 me.''
1647 2795 1752 2830 Porro
1768 2807 1905 2840 vox-pa-

1167 2846 1238 2884 tris,
1249 2850 1281 2877 et
1290 2845 1519 2888 omnipotentia
1525 2844 1679 2882 scientia,
1689 2845 1742 2875 est
1752 2840 1907 2875 doctrina

1166 2888 1206 2922 de
1230 2889 1292 2923 deo
1323 2888 1555 2933 omnipotente
1575 2890 1729 2921 creatore
1758 2887 1845 2921 caeli
1871 2889 1906 2920 et

1163 2937 1273 2967 terrae
1290 2934 1431 2978 eiusque
1447 2933 1541 2967 cultu
1556 2936 1591 2966 et
1604 2933 1693 2977 lege,
1714 2943 1787 2966 non
1801 2931 1905 2966 simul

1161 2979 1255 3012 facta
1269 2980 1442 3013 mentione
1462 2978 1527 3013 filii
1547 2977 1820 3020 salutificatoris,
1840 2987 1905 3012 1100

1161 3025 1300 3070 spiritus
1316 3037 1343 3060 5.
1390 3024 1465 3066 (F.)
