2052 3374
637 211 687 237 DE
706 210 938 237 HAERESIBUS
956 210 1076 237 LIBER.
1538 210 1616 252 209

83 317 254 359 Divinas
274 316 387 357 enim
405 317 580 357 virtutes
602 320 802 370 quantum
824 319 997 371 possunt
1016 316 1169 356 imitari
1189 327 1233 356 se
1254 317 1421 370 putant,
1447 316 1495 355 ut
1519 327 1616 369 pur-

84 389 181 439 gent
201 384 267 426 dei
288 386 351 426 sui
371 388 550 440 partem3
580 399 702 438 quam
728 385 931 440 profecto,
960 385 1065 425 sicut
1091 386 1134 425 111
1161 382 1351 425 omnibus
1379 382 1617 438 corporibus

83 453 328 495 caelestibus
350 457 392 494 et
411 453 698 506 terrestribus,
719 458 840 507 atque
863 455 905 493 in
927 454 1110 493 omnium
1131 466 1267 493 rerum
1289 451 1536 504 seminibus,
1560 453 1619 493 ita

83 526 124 563 et
141 523 186 563 in
212 521 392 563 hominis
421 523 577 563 semine
606 523 737 562 teneri
767 522 1006 562 existimant
1033 522 1304 575 inquinatam.
1353 522 1412 562 Ac
1441 534 1514 576 per
1540 521 1617 562 hoc

83 591 266 644 sequitur
287 603 370 643 eos,
391 594 436 631 ut
457 592 515 632 sic
538 604 629 631 eam
651 591 775 631 etiam
796 589 844 630 de
867 590 1022 630 semine
1043 589 1243 642 humano,
1272 589 1619 643 quemadmodum

83 657 132 699 de
153 656 245 699 aliis
267 659 495 700 seminibus
518 673 620 713 quae
641 660 684 699 in
704 658 911 699 alimentis
935 662 1116 709 sumunt,
1139 657 1315 699 debeant
1331 657 1617 699 manducando

81 740 267 782 purgare.
316 726 437 769 Unde
470 729 595 768 etiam
626 726 878 768 Catharistae
910 726 1190 781 appellantur,
1222 728 1338 781 quasi
1368 732 1618 782 purgatores,

80 799 198 836 tanta
218 809 308 836 eam
327 800 549 850 purgantes
572 795 801 849 diligentia,
821 798 868 835 ut
889 808 931 835 se
953 808 1029 835 neo
1051 795 1102 836 ab
1123 794 1201 835 hac
1218 799 1303 836 tam
1319 795 1521 837 horrenda
1538 795 1620 837 cibi

80 863 336 919 turpitudine
358 864 608 906 abstineant.
653 862 738 904 Neo
766 867 990 904 vescuntur
1016 867 1156 904 tamen
1186 864 1396 916 carnibus.
1422 869 1620 920 tanquam

83 931 132 974 de
151 934 324 974 mortuis
345 933 411 974 vel
433 934 580 974 occisis
600 933 750 985 fugerit
771 930 912 972 divina
932 931 1185 984 substantia,
1207 936 1448 986 tantumque
1471 947 1517 974 ac
1538 931 1619 974 tale

81 999 176 1042 inde
197 1003 465 1054 remanserit,
494 1001 603 1056 quod
629 1002 711 1041 iam
740 1000 911 1054 dignum
930 1014 1015 1042 non
1036 1001 1089 1041 sit
1111 1000 1335 1042 electorum
1354 1005 1498 1043 ventre
1520 1015 1618 1057 pur·

81 1070 180 1123 gari.
209 1068 294 1111 Nec
321 1083 398 1111 ova
417 1069 565 1111 saltem
586 1072 773 1122 sumunt,
801 1070 918 1122 quasi
946 1072 987 1109 et
1013 1070 1104 1123 ipsa
1125 1083 1218 1111 cum
1238 1070 1483 1124 franguntur
1504 1072 1618 1126 expi-

80 1141 186 1192 rent⁷
206 1151 284 1180 nee
305 1142 490 1194 oporteat
507 1137 627 1179 ⁹ullis
647 1138 821 1179 mortuis
844 1136 1084 1191 corporibus
1104 1139 1230 1192 vesci,
1253 1143 1293 1179 et
1313 1138 1389 1181 1106
1408 1139 1542 1181 30111111
1556 1141 1618 1181 Vi-

79 1210 151 1248 vat
169 1219 220 1248 ex
241 1219 363 1248 carne
386 1206 493 1261 quod
513 1207 660 1260 farina,
681 1220 732 1248 ne
749 1207 961 1259 moriatur,
984 1207 1200 1260 excipitur.
1232 1206 1315 1249 Sed
1331 1222 1407 1249 nec
1425 1208 1620 1251 alimonia

82 1274 202 1317 136113
228 1279 422 1329 utuntur,
452 1277 640 1330 quamvis
670 1275 719 1316 de
750 1289 916 1330 corpore
945 1276 1169 1316 animantis
1195 1277 1361 1318 vivente
1389 1277 1621 1332 mulgeatur

84 1345 170 1386 sive
199 1348 388 1405 sugatur-3
418 1358 502 1386 non
531 1345 626 1398 quia
653 1347 802 1399 putant
829 1343 992 1385 divinae
1021 1343 1276 1386 substantiae
1303 1345 1407 1386 nihil
1436 1346 1495 1388 ibi
1529 1359 1619 1388 esse

82 1413 350 1468 permixtum,
378 1412 452 1454 sed
479 1413 575 1467 quia
602 1412 682 1454 sibi
711 1426 821 1454 error
848 1414 936 1467 ipse
958 1425 1043 1453 non
1065 1416 1239 1454 constat.
1288 1413 1395 1455 Nam
1417 1419 1458 1456 et
1476 1416 1621 1457 vinum

82 1493 166 1523 non
185 1479 349 1533 bibunt,
371 1481 558 1523 dicentes
579 1480 635 1522 fel
656 1494 746 1522 esse
769 1482 1002 1536 principum
1023 1481 1308 1535 tenebrarum,
1331 1497 1424 1524 cum
1443 1497 1618 1526 vescan-

81 1552 149 1591 1111·
165 1550 270 1591 uvis.
300 1548 387 1591 Nec
406 1550 533 1591 musti
554 1549 722 1604 aliquid,
743 1549 809 1590 vel
830 1550 1121 1603 recentissimi,
1143 1550 1322 1592 sorbent.
1353 1551 1524 1594 Animas
1547 1566 1618 1594 au-

80 1616 261 1660 ditorum
281 1631 448 1660 suorum
474 1619 518 1658 in
545 1618 697 1660 electos
724 1617 878 1659 revolvi
907 1619 1180 1672 arbitrantur,
1208 1623 1278 1661 aut
1305 1620 1485 1663 feliciore
1507 1635 1618 1664 com·

80 1685 230 1742 pendio
249 1688 294 1728 111
315 1701 430 1729 63633
453 1686 677 1728 electorum
698 1700 884 1739 suorum,
912 1691 957 1728 ut
982 1688 1065 1728 iam
1092 1686 1187 1728 inde
1218 1694 1413 1743 purgatae
1443 1692 1487 1731 in
1508 1689 1621 1732 nulla

82 1769 251 1812 corpora
269 1760 541 1798 revertantur.
573 1755 737 1797 Ceteras
758 1759 896 1796 autem
916 1756 1074 1797 animas
1096 1760 1137 1797 et
1156 1757 1200 1797 in
1221 1771 1369 1812 pecora
1387 1758 1522 1800 redire
1542 1773 1618 1815 pu-

81 1827 185 1878 tant,
204 1823 287 1866 ¹⁰et
305 1825 350 1866 in
371 1826 509 1866 omnia
531 1837 632 1879 quae
653 1823 860 1866 radicibus
882 1825 963 1865 fixa
983 1827 1081 1865 sunt
1101 1827 1223 1880 atque
1245 1825 1410 1868 aluntur
1430 1829 1475 1869 in
1498 1831 1617 1870 terra.

80 1891 240 1935 Herbas
268 1894 379 1934 enim
408 1897 530 1948 atque
559 1892 724 1934 arbores
747 1894 806 1934 sio
827 1896 974 1947 putant
992 1894 1151 1947 vivere,
1181 1898 1227 1936 ut
1253 1897 1382 1937 vitam
1413 1910 1516 1951 quae
1536 1896 1619 1939 illis

79 1962 189 2003 inest
209 1965 250 2003 61
270 1963 422 2003 sentire
440 1961 610 2003 credant
632 1966 672 2002 et
689 1960 825 2002 dolere
843 1975 937 2003 611111
956 1961 987 1986 1¹
997 1961 1230 2016 laeduntur,
1250 1977 1326 2006 1166
1351 1964 1507 2020 ahquid
1522 1964 1618 2007 inde

81 2031 170 2072 sine
192 2032 373 2073 cruciatu
395 2044 535 2072 eorum
557 2043 804 2085 quemquam
823 2043 946 2084 posse
967 2030 1118 2072 vellere
1139 2036 1210 2073 aut
1232 2046 1411 2088 carpere.
1448 2034 1621 2090 Propter

83 2097 190 2153 quod
209 2112 353 2153 agrum
369 2101 494 2140 etiam
511 2100 642 2153 spinis
659 2111 831 2153 purgare
848 2100 962 2140 nefas
978 2099 1145 2142 habent.
1175 2099 1297 2143 Unde
1314 2101 1619 2156 agriculturam,

83 2179 185 2222 quae
206 2169 390 2209 omnium
410 2169 562 2208 artium
583 2171 646 2208 est
666 2168 1025 2221 innocentissima,
1052 2172 1252 2222 tanquam
1279 2170 1460 2225 plurium
1484 2170 1617 2214 homi-

83 2234 283 2278 cidiorum
302 2249 416 2277 ream
437 2235 650 2276 dementes
674 2240 887 2287 accusant3
916 2238 1081 2291 suisque
1110 2237 1367 2280 auditoribus
1395 2239 1487 2282 ideo
1517 2239 1618 2282 haec

81 2303 333 2346 arbitrantur
352 2305 524 2358 ignosci,
546 2305 642 2358 quia
661 2304 860 2358 praebent
878 2303 974 2345 inde
996 2304 1195 2347 alimenta
1214 2306 1356 2349 electis
1372 2310 1474 2362 suis,
1494 2313 1540 2350 ut
1556 2308 1618 2351 di-

80 2373 177 2414 vina
195 2372 267 2414 illa
287 2373 520 2414 substantia
540 2374 583 2414 in
605 2385 744 2413 eorum
771 2376 913 2413 ventre
934 2378 1107 2428 purgata
1134 2376 1327 2430 impetret
1354 2378 1414 2417 eis
1440 2378 1620 2430 veniam,

83 2453 256 2496 quorum
281 2441 460 2482 traditur
488 2440 693 2482 oblatione
722 2440 943 2495 purganda.
994 2442 1137 2496 Itaque
1173 2445 1251 2498 ipsi
1279 2443 1422 2496 electi,
1447 2445 1551 2487 nihil
1575 2448 1619 2487 in

82 2510 189 2563 agris
209 2514 442 2566 operantes,
464 2523 540 2551 neo
562 2523 683 2564 poma
705 2513 939 2564 carpentes,
967 2524 1043 2552 nec
1074 2510 1221 2552 saltem
1243 2511 1338 2552 folia
1358 2512 1443 2554 ulla
1462 2513 1617 2556 vellen-

82 2581 166 2630 tes,
191 2582 413 2634 expectant
439 2578 540 2620 haec
562 2578 697 2618 afferri
720 2577 862 2619 usibus
884 2580 969 2620 suis
991 2579 1041 2619 ab
1064 2579 1320 2621 auditoribus
1342 2582 1448 2634 suis,
1477 2584 1618 2623 viven-

82 2649 144 2687 tes
165 2644 215 2687 de
236 2649 364 2688 totae
393 2647 520 2687 1311113
548 2645 774 2686 secundum
803 2659 919 2688 suam
946 2649 1172 2688 vanitatem
1199 2647 1433 2690 homicidiis
1460 2649 1618 2691 alienis.

82 2712 250 2756 Monent
269 2715 392 2756 etiam
414 2714 579 2757 eosdem
598 2713 803 2754 auditores
820 2729 915 2757 suos
936 2720 995 2768 ut,
1012 2717 1045 2756 si
1062 2721 1286 2757 vescuntur
1303 2717 1509 2769 carnibus,
1529 2721 1618 2760 ani-

84 2781 207 2824 maiia
224 2795 308 2824 non
330 2783 533 2835 occidant,
554 2796 605 2824 ne
627 2782 835 2823 offendant
853 2785 1061 2838 principes
1083 2785 1345 2826 tenebrarum
1366 2787 1408 2826 in
1431 2786 1618 2829 caelesti-

86 2847 160 2891 bus
181 2849 406 2905 colligatos‚
426 2865 451 2892 a
472 2852 620 2905 quibus
643 2864 808 2892 omnem
831 2865 994 2892 carnem
1019 2851 1162 2893 dicunt
1179 2855 1379 2907 originem
1396 2854 1558 2908 ducere,
1579 2860 1620 2897 et

157 3020 188 3055 9.
204 3020 344 3066 Aliquot
363 3020 460 3055 MSS.
482 3021 549 3056 illis
565 3020 719 3055 mortuis.
766 3019 924 3064 (Benea)
1021 3021 1068 3055 10.
1092 3021 1173 3056 Sola
1196 3025 1272 3056 edit.
1298 3022 1426 3057 Lot-(m.
1445 3028 1477 3057 et
1495 3027 1618 3068 omnia,

86 3067 201 3099 omisso
215 3066 260 3100 in.
285 3065 444 3110 (Bened.)
525 3067 573 3101 11.
592 3066 634 3100 In
650 3065 745 3099 MSS.
761 3066 914 3100 laeditur.
939 3065 1107 3108 (Remea).

1315 3127 1353 3158 14
