2052 3374
705 205 756 232 DE
774 205 1008 233 HAERESIBUS
1025 206 1147 233 LIBER.
1639 209 1692 250 93

151 309 320 362 factum,
342 322 425 351 non
446 310 640 363 animam,
663 314 704 351 et
724 311 833 365 quod
853 312 986 365 imago
1010 311 1075 354 dei
1097 325 1244 367 corpus
1267 312 1333 365 sit,
1355 324 1438 353 nen
1458 312 1597 352 anima
1616 311 1691 353 ho-

150 379 299 431 minis,
330 381 372 418 et
397 378 506 432 quod
535 379 764 420 secundum
788 380 1235 435 praedestinationem⁰
1257 379 1478 433 ²³dixeritd,
1503 381 1562 420 ita
1580 379 1692 421 arbi-

150 450 295 500 tratur,
317 460 411 488 cum
432 447 566 488 dicate
588 448 828 503 scripturas,
849 448 1026 503 Etfecit
1047 450 1146 490 (leus
1163 449 1374 503 hominem,
1397 449 1456 490 ad
1472 450 1694 506 imayinem

149 529 269 556 suam
283 515 394 570 feeit
417 531 527 569 eum,
553 518 784 559 masculum
810 524 847 557 et
862 517 1071 571 fizmc'nam
1087 517 1197 572 fecit
1224 533 1308 567 e033
1335 518 1574 572 3ignorans,
1596 532 1691 572 pro-

148 583 276 639 pheta
296 584 395 638 quid
418 584 579 626 dixerit.
613 585 716 626 Cum
738 585 839 625 dicit
860 586 971 625 enim
992 585 1239 639 Faciamus,
1260 587 1468 641 promittit
1487 587 1693 628 facturum

150 665 208 706 se,
230 665 405 707 cumque
436 653 536 694 dicit
556 653 674 694 Fecit
701 654 820 706 deus,
850 654 934 694 iam
955 667 1056 708 opus
1085 653 1241 695 sactum
1263 654 1539 708 demonstrat,
1569 658 1610 695 et
1631 655 1691 696 fa-

149 724 259 762 ctam
280 736 364 763 non
385 735 574 781 earnem,
597 721 670 762 sed
691 723 893 774 animam,
916 734 1018 775 quae
1040 721 1320 764 4rationabilis
1343 728 1426 776 est,
1455 723 1690 765 declaravit.

147 788 254 831 Nam
276 790 386 844 quod
407 805 499 832 earo
523 792 611 831 sine
633 791 772 831 anima
792 804 875 831 non
895 791 1028 845 possit
1049 790 1184 845 eloqui
1201 805 1284 832 non
1301 795 1365 832 est
1381 791 1574 843 dubium3
1598 805 1691 846 ergo

149 872 242 900 caro
265 872 464 912 organum
485 860 645 900 animae
668 862 731 899 est
751 858 1043 900 ⁵rati0nabilis.
1075 858 1306 901 Masculum
1323 864 1364 900 et
1379 860 1576 902 feminam
1598 875 1693 902 cum

148 926 249 968 dicit
269 928 493 982 scriptura,
514 941 597 968 non
617 927 684 968 hic
708 941 925 982 corporum
947 934 1139 980 sexumss,
1161 928 1235 969 sed
1256 929 1418 970 animae
1441 929 1691 971 dominantis

152 999 195 1036 et
215 995 467 1037 subiacentis
491 995 675 1037 declarat
694 995 907 1037 indicium.
958 996 1009 1038 Et
1038 995 1147 1051 quod
1175 1011 1259 1038 non
1287 1012 1458 1052 corpora
1484 999 1569 1039 sint
1595 1002 1690 1039 ante

146 1062 256 1105 facta
274 1063 510 1117 iacentiahi,
531 1065 639 1106 sicut
661 1064 830 1118 quidam
851 1066 1074 1106 aestimant
1093 1066 1393 1120 imprudentes,
1414 1080 1497 1107 non
1519 1070 1583 1107 est
1602 1081 1690 1107 am-

145 1131 337 1187 biguum',
360 1146 454 1174 cum
476 1147 568 1174 caro
590 1132 705 1174 Adae
727 1148 774 1174 ac
795 1133 980 1175 mulieris
1001 1137 1146 1189 postea
1165 1134 1275 1175 facta
1295 1136 1368 1185 sit3
1397 1149 1494 1176 nam
1516 1136 1691 1190 septimo

148 1200 213 1243 die
242 1201 344 1243 dicit
373 1203 579 1257 scriptura
609 1202 659 1243 de
689 1202 826 1243 Adam
855 1203 932 1243 ita:
967 1203 1028 1244 Et
1057 1205 1218 1259 accepit
1247 1204 1437 1245 dominus
1467 1211 1623 1244 terram
1644 1204 1692 1244 de

146 1269 255 1323 limo,
272 1278 310 1311 et
316 1271 546 1326 plasmavit
561 1270 762 1312 hominem
778 1286 898 1326 quem
906 1271 1027 1326 jecit.
1060 1272 1185 1313 Vides
1203 1285 1296 1326 ergo
1315 1272 1518 1326 quomodo
1535 1272 1691 1314 factum

144 1338 370 1393 hominem,
390 1339 433 1380 id
455 1343 518 1380 est
538 1340 719 1381 animam
741 1343 835 1381 ante
853 1340 1035 1382 ostendit
1051 1340 1339 1382 rationabilem
1357 1345 1398 1382 et
1412 1341 1691 1384 immortalem

145 1420 237 1450 esse
258 1410 438 1449 creatam
458 1422 483 1448 a
503 1407 683 1461 domino,
705 1422 808 1463 quae
829 1410 970 1463 utique
992 1410 1125 1463 imago
1149 1409 1214 1450 dei
1236 1413 1300 1450 est
1320 1409 1536 1465 appellata.
1584 1410 1687 1451 Ter-

146 1490 235 1518 ram
255 1480 395 1518 autem
415 1476 465 1518 de
486 1476 584 1518 limo
607 1482 820 1532 acceptam
842 1477 1078 1519 adiunctam
1100 1479 1276 1532 animae,
1296 1478 1340 1520 id
1361 1483 1425 1520 est
1445 1479 1690 1520 exteriorem

145 1545 370 1599 hominem,
392 1559 540 1601 corpus
562 1546 704 1600 fragile
727 1546 792 1587 die
814 1547 1004 1601 sequenti
1025 1547 1307 1588 manifestavit
1326 1547 1599 1602 plasmatum,
1618 1547 1689 1589 6ac

145 1615 205 1656 sic
226 1615 411 1656 immisso
434 1627 579 1669 sopore
600 1615 643 1655 in
669 1614 805 1656 Adam
824 1619 1050 1670 posteaque
1073 1615 1121 1656 de
1140 1619 1254 1657 costa
1281 1617 1368 1657 eius
1385 1618 1595 1671 accepisse
1614 1616 1687 1658 do-

144 1684 305 1725 minum
334 1687 375 1724 et
402 1683 551 1724 fecisse
572 1683 789 1725 mulierem
813 1685 1018 1739 scriptura
1038 1688 1216 1725 testatur
1236 1698 1283 1725 ae
1304 1685 1528 1740 praedicat.
1574 1685 1626 1726 Et
1645 1689 1691 1726 ut

143 1754 327 1808 primum
348 1753 402 1793 sit
421 1753 561 1793 anima
581 1752 703 1806 sacta,
724 1752 768 1794 id
789 1757 852 1793 est
872 1756 988 1794 sexto
1018 1752 1104 1806 die,
1134 1753 1198 1794 die
1232 1757 1371 1795 autem
1399 1755 1574 1809 septimo
1598 1768 1687 1795 cor-

142 1820 247 1877 pusk
269 1820 318 1862 de
339 1825 451 1862 terra
469 1820 720 1876 plasmatum
740 1821 876 1875 Adae,
905 1823 963 1863 sic
987 1821 1037 1863 de
1058 1822 1136 1863 viri
1159 1835 1348 1877 corpore,
1378 1822 1439 1863 ⁷id
1472 1826 1535 1864 est
1556 1822 1606 1864 de
1628 1822 1687 1864 la-

1363 1969 1394 2004 4.
1411 1970 1625 2004 rationabilis
1643 1971 1686 2006 A.

1341 2015 1371 2048 6.
1397 2026 1436 2049 ac
1452 2017 1500 2050 sie
1518 2017 1562 2052 A.
1580 2027 1619 2050 ac
1637 2029 1686 2049 re-

232 1968 263 2003 2.
292 1968 417 2003 dixerit
433 1968 562 2003 domini
578 1969 626 2005 ita
642 1969 849 2002 arbitrantur
867 1969 910 2002 A.
982 1968 1013 2002 3.
1030 1969 1230 2013 ignorantes
1249 1970 1292 2003 A.

142 2015 319 2050 rationalis
334 2016 465 2059 reliqui.
534 2014 566 2050 5.
583 2015 632 2048 rei
647 2015 860 2049 rationabilis
886 2015 930 2049 A.
947 2015 1122 2049 rationalis
1140 2017 1269 2061 reliqm.

144 2062 235 2106 liqui.
297 2061 328 2094 7.
352 2060 387 2094 id
404 2065 456 2095 est
473 2073 532 2093 om.
550 2061 594 2092 A.

142 2185 220 2220 Sen.
248 2185 337 2220 Bibl.
362 2186 509 2221 Sanctae
533 2186 658 2219 Annot.
683 2185 758 2220 208.
783 2190 881 2229 extr„

141 2232 202 2265 ubi
221 2232 426 2265 sententiam
458 2231 614 2275 Gregorii
645 2231 793 2276 Nysseni
817 2243 881 2266 ceu

141 2276 354 2311 Platonicum
381 2278 586 2321 figmentum
614 2278 794 2321 suggillat,
827 2283 881 2311 ast

141 2333 219 2356 eam
235 2326 334 2356 extra
349 2323 603 2356 Platonicorum
627 2334 755 2356 errores
778 2324 879 2357 collo-

142 2368 286 2402 candam
303 2380 377 2402 esse
393 2369 528 2402 monuit
545 2368 732 2402 Cotelerius
757 2368 798 2401 ad
815 2369 878 2402 Re-

140 2424 241 2458 cogn.
259 2414 444 2448 Clementis
460 2424 540 2459 pag.
557 2414 632 2447 493.
673 2414 857 2457 (Galeam.)

168 2470 196 2493 c.
210 2460 398 2493 secundum
407 2460 766 2505 praedestinationem]
776 2460 879 2500 Quasi

139 2505 255 2539 Moses
277 2509 411 2539 tantum
428 2505 609 2539 consilium
635 2505 689 2537 dei
712 2516 879 2550 exposue-

140 2550 200 2592 rit,
223 2554 325 2596 atque
347 2551 452 2585 verba
475 2553 602 2594 etfacit
618 2552 712 2591 cleas,
737 2562 805 2584 non
823 2551 878 2585 de-

139 2599 260 2629 notent
269 2596 350 2641 quid
362 2596 488 2638 fecerit,
497 2596 555 2629 sed
566 2595 646 2640 quid
655 2596 766 2629 facere
779 2607 874 2642 prae-

139 2640 367 2676 destinaverit.
415 2642 488 2684 (F.)

184 2687 216 2721 d.
247 2687 434 2721 secundum
458 2687 803 2732 praedestinationem
827 2688 875 2721 (11-

139 2733 242 2776 xerit]
271 2732 365 2767 Deus
381 2733 547 2766 videlieet.

183 2789 212 2813 e.
238 2789 316 2812 cum
333 2778 436 2822 dicat]
458 2779 578 2814 Malim
595 2778 708 2821 legere
732 2790 804 2811 cum
826 2781 876 2812 di-

140 2826 196 2858 cit.
221 2822 309 2864 Quia
323 2827 437 2858 tamen
455 2828 489 2858 et
504 2825 648 2857 alterum
660 2824 741 2857 ferri
753 2827 876 2869 potest,

138 2869 411 2914 repugnantibus
427 2870 521 2903 libris
535 2873 667 2902 mutare
680 2869 764 2903 nihil
776 2870 877 2904 volui.

139 2912 249 2949 Locus
267 2918 321 2949 est
338 2914 462 2950 Genes.
479 2915 504 2949 Ι.
522 2915 574 2948 27.
625 2915 698 2956 (F.)

194 2960 218 2994 f.
242 2971 321 2994 cum
338 2960 429 2994 dicat
443 2961 627 3006 scriptura]
661 2961 748 2994 Cum
764 2965 877 2996 tamen

140 3004 230 3039 dieat
244 3006 420 3051 scriptura.

186 3061 219 3096 g.
242 3063 313 3087 non
328 3051 383 3087 hic
398 3063 578 3097 corporum
592 3054 730 3096 sexum]
745 3052 877 3088 Paucos

949 2187 1015 2220 sibi
1042 2185 1105 2220 hac
1133 2187 1167 2220 in
1196 2190 1291 2232 parte
1325 2187 1549 2223 assentientes
1577 2188 1688 2222 Phila-

949 2233 1051 2266 strius
1068 2232 1217 2265 habebit.
1266 2232 1338 2274 (F.)

993 2277 1025 2311 h.
1050 2278 1093 2311 Et
1109 2278 1200 2322 quod
1217 2289 1286 2311 non
1303 2289 1446 2325 corpora
1461 2280 1531 2313 sint
1546 2284 1626 2314 ante
1638 2281 1687 2314 fa-

949 2328 1003 2357 cta
1018 2324 1180 2366 iacentia]
1215 2324 1339 2369 Aperte
1361 2325 1487 2358 falsum
1505 2337 1579 2359 esse
1597 2327 1687 2371 quod

948 2369 1012 2403 hoc
1030 2370 1102 2402 loco
1120 2368 1321 2403 Philastrius
1333 2371 1519 2414 pertendit,
1541 2383 1610 2405 non
1628 2372 1686 2404 (111-

949 2415 1035 2447 bitat
1051 2415 1223 2448 affirmare
1240 2415 1409 2456 Petavius‚
1427 2427 1529 2460 quem
1546 2418 1622 2450 vide
1639 2418 1686 2450 sis

947 2461 1033 2494 libro
1059 2460 1089 2493 2.
1108 2460 1318 2505 Dogmatum
1342 2461 1459 2495 Theol.
1483 2462 1523 2495 de
1542 2462 1685 2507 Opiiicio

948 2517 1008 2539 sex
1027 2506 1158 2539 dierum
1175 2517 1248 2551 cap.
1265 2506 1296 2539 4.
1316 2507 1345 2548 ξ.
1367 2507 1416 2539 lo.
1465 2507 1538 2549 (F.)

998 2552 1021 2584 i.
1045 2552 1206 2594 iacentia]
1243 2551 1326 2585 Sine
1353 2552 1476 2597 spiritu
1508 2558 1541 2587 et
1572 2554 1686 2587 anima

940 2597 1098 2631 iacentia.

988 2642 1021 2676 k.
1047 2643 1163 2676 anima
1179 2647 1277 2676 sexto
1295 2643 1365 2687 die,
1383 2644 1528 2688 septimo
1546 2646 1685 2689 corpus]

944 2688 1071 2722 Iterum
1081 2689 1273 2733 iterumque
1286 2688 1349 2722 hoc
1363 2690 1471 2733 capite
1484 2689 1683 2722 Philastrius

945 2734 1072 2778 ingerit
1100 2734 1296 2779 opinionem
1325 2745 1423 2768 suam
1452 2735 1682 2768 incredibilem

946 2784 980 2813 et
995 2780 1201 2813 contrariam
1217 2781 1391 2814 communi
1407 2781 1605 2821 sententiae,
1622 2791 1684 2814 nec

946 2825 1061 2858 minus
1078 2825 1256 2859 adversam
1276 2826 1362 2859 sacri
1381 2826 1554 2870 scriptoris
1572 2826 1683 2859 verbis

948 2870 1100 2912 disertis,
1130 2872 1189 2915 qui
1217 2871 1318 2905 deum
1347 2871 1399 2904 die
1427 2871 1571 2915 septimo
1600 2870 1682 2905 nihil

947 2926 1095 2957 creasse,
1108 2916 1167 2950 sed
1177 2917 1293 2950 omnia
1305 2927 1408 2962 opera
1420 2927 1482 2949 sua
1495 2916 1684 2950 absolvisse

949 2961 1003 2994 die
1024 2965 1138 3003 sexta,
1163 2963 1309 3007 septima
1329 2967 1441 2995 autem
1465 2962 1507 2994 ab
1525 2963 1683 2995 omnibus

948 3007 1109 3051 operibus
1131 3008 1203 3041 suis
1226 3008 1394 3052 quievisse
1418 3007 1536 3040 scribit
1560 3007 1683 3043 Genes.

948 3052 989 3088 U.
1006 3052 1037 3087 2.
1060 3053 1106 3088 At
1120 3064 1280 3098 quomam
1295 3053 1420 3090 Genes.
1430 3052 1471 3089 11,
1486 3052 1516 3088 7.
1530 3053 1685 3100 sequitur
