2052 3374
630 160 829 189 mnxourus
848 159 900 184 DE
918 155 1162 185 HAERESIBUS.
1590 144 1670 187 295

131 289 228 318 men
254 271 537 316 circumscribi
563 269 652 311 loco
683 272 724 309 et
750 265 922 317 sinibus,
950 264 1058 304 sicut
1083 257 1270 313 angelos,
1299 255 1448 310 quibus
1474 251 1574 293 licet
1598 262 1673 305 per

133 344 387 387 celeritatem
407 343 576 381 naturae
598 335 794 392 possibile
824 335 877 375 sit
898 331 1016 374 facile
1046 329 1095 371 de
1124 328 1213 369 loco
1242 325 1293 367 ad
1320 324 1459 366 locum
1484 319 1674 371 transire,

132 417 271 456 tamen
302 425 396 453 cum
426 408 523 450 alibi
554 408 656 460 sint,
686 404 701 430 ²
712 404 855 446 eadem
882 399 1157 458 possibilitate
1188 395 1288 438 alibi
1318 406 1387 435 eos
1417 389 1561 432 adesse
1591 400 1675 429 non

132 495 268 538 posse,
294 479 403 521 unde
425 475 831 520 circumscribuntur.
880 470 1149 512 Localitatem
1177 464 1340 520 spiritui
1367 463 1509 502 sancto
1538 456 1674 510 adsig-

133 554 249 603 nant,
271 548 458 603 quamvis
475 545 592 586 3eum
609 544 687 585 rati
704 541 900 584 creaturis
919 539 1065 580 ceteris
1082 537 1296 591 potiorem.
1330 528 1547 581 Quaelibet
1563 539 1676 567 crea-

134 623 227 660 tura
246 617 318 659 illa
337 617 469 672 potior
491 615 558 667 sit,
579 614 656 654 etsi
678 613 716 652 ei
735 623 831 666 prae
856 607 1003 650 ceteris
1025 605 1264 657 adsignetur
1284 602 1482 656 potestas,
1510 609 1594 637 una
1613 597 1676 634 ta-

134 701 232 729 men
259 685 320 727 1111
350 698 444 726 cum
472 684 531 724 eis
561 681 793 722 substantia
819 681 893 718 est.
944 674 1085 716 Dividi
1113 673 1224 713 enim
1259 672 1448 711 ereatura
1474 665 1678 721 potestate

136 758 293 812 potest,
320 767 404 795 non
432 764 593 806 genere.
643 748 763 791 Unde
792 746 983 802 spiritum
1011 745 1203 783 sanctum
1230 741 1463 780 creaturam
1494 733 1680 775 dicentes

136 825 224 867 loco
258 826 300 864 et
330 824 532 878 potestate
561 817 769 860 subtiliter
806 811 1171 862 circumscribunt,
1199 807 1430 863 potentiam
1458 804 1496 844 ei
1515 804 1681 843 tantum

137 906 236 949 prae
259 892 407 933 ceteris
428 889 659 930 tribuentes
682 883 1024 938 omnipotentiam
1046 879 1249 920 auferunt.

223 959 444 1002 Chiliastae
467 957 611 998 dicunt
628 968 801 1008 regnum
818 950 1052 992 seculorum
1072 949 1115 988 in
1136 959 1259 987 carne
1278 955 1473 985 carneum
1487 940 1684 991 futurum,
1710 944 1777 976 Car·
1795 942 1878 967 x³2³1-

139 1030 326 1072 volentes
363 1039 529 1068 carnem
566 1027 750 1065 nostram
786 1022 1027 1061 innovatam
1057 1017 1241 1070 recipere
1280 1010 1522 1067 spiritalem.
1592 1006 1684 1048 ¹Sic

139 1100 273 1142 bonae
295 1101 427 1138 terrae
450 1093 630 1136 carnalia
651 1090 872 1132 carnaliter
899 1101 971 1143 per
991 1085 1103 1127 mille
1125 1096 1255 1125 annos
1287 1080 1484 1122 adserunt
1508 1074 1684 1117 mandu-

143 1166 286 1209 canda.
335 1164 557 1217 Dionysius
586 1159 894 1202 Alexandrinus
923 1156 1162 1211 episcopus,
1184 1150 1372 1204 Origenis
1401 1145 1582 1197 auditor,
1613 1143 1685 1184 ad-

141 1249 285 1278 versus
312 1233 515 1288 Nepotem
542 1232 783 1285 episcopum
807 1226 990 1267 haeresis
1016 1224 1138 1264 huius
1167 1223 1375 1261 auctorem
1403 1215 1590 1270 scripsit,
1619 1213 1689 1266 qui

141 1303 256 1347 mille
284 1315 488 1344 annorum
517 1297 723 1354 corporale
753 1294 907 1337 Christi
937 1306 1108 1346 regnum
1134 1290 1319 1331 futurum
1350 1286 1434 1326 suis
1473 1282 1689 1337 scripturis

144 1373 372 1416 adseverat.
420 1370 469 1410 In
497 1368 646 1423 quibus
667 1370 709 1407 et
731 1365 780 1406 dc
801 1362 1052 1418 Apocalypsi
1078 1359 1243 1401 Ioannis
1266 1353 1581 1408 diligentissime
1604 1350 1688 1391 dis-

144 1443 327 1500 putavit,
356 1442 397 1480 et
418 1438 557 1480 omnia
576 1436 660 1479 illic
683 1431 924 1491 aspicienda
952 1428 1173 1487 spiritalia,
1204 1439 1287 1468 non
1308 1419 1579 1476 intelligenda
1600 1432 1690 1461 esse

146 1509 337 1554 carnalia.

227 1578 416 1621 Donatus
426 1583 455 1629 ³,
477 1590 500 1616 a
522 1589 599 1630 quo
622 1570 869 1614 1Donatiani
891 1584 961 1625 per
983 1568 1168 1610 Africam
1190 1564 1265 1606 sub
1289 1561 1560 1604 Constantino
1585 1558 1691 1599 Con-
1718 1571 1785 1604 Cap.
1804 1569 1903 1594 xxxi.

149 1649 382 1701 stantioque
409 1643 684 1700 principibus,
712 1641 895 1682 adseruit
915 1638 963 1679 ρει
983 1638 1135 1679 nostris
1168 1636 1393 1688 scripturas
1424 1631 1468 1670 in
1497 1641 1692 1684 persecu-

150 1719 261 1760 tione
272 1715 448 1757 ethnicis
461 1712 474 1737 3
485 1712 674 1764 traditas,
686 1713 861 1752 ettotam
872 1720 1003 1764 paene
1015 1706 1202 1747 Africam
1214 1706 1254 1743 et
1265 1702 1444 1742 maxime
1456 1697 1694 1740 Numidiam

151 1801 227 1828 sua
245 1784 513 1841 persuasione
532 1781 706 1835 decepit.
737 1779 912 1820 Restant
927 1778 1013 1817 eius
1030 1774 1162 1815 multa
1177 1772 1229 1813 ad
1246 1784 1363 1813 suam
1380 1768 1584 1809 haeresim
1600 1778 1694 1820 pcr-

151 1855 343 1906 tinentia,
363 1855 405 1893 et
426 1851 475 1892 de
498 1850 653 1905 Spiritu
676 1848 828 1889 Sancto
849 1845 977 1886 4liber
997 1844 1149 1885 Ariano
1173 1840 1353 1895 dogmati
1375 1837 1652 1879 consentiens.

238 1919 625 1971 Circumcelliones,
655 1928 755 1971 quos
784 1914 1059 1969 ¹Grotispitasa
1088 1914 1258 1962 vocant,
1286 1909 1408 1949 huius
1437 1904 1697 1961 supradictae
1724 1908 1791 1939 Cap·
1810 1904 1921 1933 XXXII·

153 1992 338 2035 haeresis
358 1989 539 2031 ²habent
560 1984 826 2028 doctrinamb.
877 1983 960 2025 Sua
980 1986 1137 2034 autem,
1159 1992 1261 2034 quae
1284 1976 1476 2019 omnibus
1497 1978 1596 2015 nota
1623 1976 1700 2025 est,

223 2105 254 2139 2.
271 2103 392 2138 eadem
414 2101 644 2147 possibilitate
674 2112 742 2143 eyn.
767 2101 801 2131 et
816 2097 906 2130 hunc
928 2094 1205 2140 impossibilitate
1223 2092 1310 2125 Men.
1336 2095 1375 2124 ut
1397 2089 1487 2123 hunc
1505 2088 1540 2121 111
1556 2086 1703 2132 possibi-

155 2152 249 2231 bijate
269 2150 405 2184 Coteler.
424 2149 444 2182 ί.
459 2149 480 2182 ί.
492 2160 530 2192 p.
550 2146 626 2180 752.
698 2145 728 2178 3.
747 2155 825 2178 eum
842 2143 906 2177 rati
922 2141 1084 2176 creaturis
1108 2153 1175 2185 uffo.
1194 2150 1273 2173 eum
1291 2140 1523 2171 creaturarum
1540 2131 1703 2167 creaturis

197 2209 247 2232 en.

226 2242 308 2287 Cap.
325 2240 444 2275 XXX.
464 2258 506 2262 -—
527 2239 554 2272 l.
573 2237 629 2271 Sic
648 2249 716 2281 eyo.
742 2235 810 2269 Sed
826 2235 915 2268 111611.
1363 2255 1367 2264 .

227 2288 308 2333 Cap.
325 2285 459 2321 XXXI.
477 2304 520 2308 —
541 2284 568 2316 1.
587 2283 770 2316 Donatiam
787 2282 875 2313 Men.
938 2280 969 2314 2.
986 2278 1112 2313 nostris
1131 2288 1151 2311 a
1168 2275 1344 2322 scripturis
1363 2274 1451 2308 Men.
1518 2272 1549 2306 3.
1568 2269 1703 2304 traditio

160 2334 250 2369 Men.
320 2332 352 2365 4.
369 2332 515 2364 libenter
532 2329 628 2363 Arrio
647 2328 807 2371 dogmate
825 2327 912 2359 Men.

229 2379 311 2424 Cap.
328 2376 477 2412 XXXII.
496 2396 539 2400 ——-
571 2375 598 2408 1.
619 2374 807 2418 Gotispitas
824 2373 912 2405 Men.
946 2369 1180 2415 Scototopitas
1206 2368 1344 2401 C'oteler.
1364 2366 1460 2399 Ecel.
1484 2364 1544 2397 Gr.
1563 2362 1707 2395 Monam.

163 2432 237 2460 tom.
255 2425 341 2503 1215.
359 2422 436 2457 789.
474 2421 649 2466 Campitas
676 2419 815 2452 Fabrie.
842 2419 889 2452 (cd
905 2417 1068 2451 ΡΙιίίαεΐν.
1086 2416 1194 2449 Haer.
1214 2413 1266 2447 ὅῖ).
1280 2426 1316 2458 2).
1339 2411 1412 2445 1413.
1482 2410 1513 2443 2.
1531 2408 1634 2442 habet
1651 2406 1708 2440 do-

162 2471 271 2506 ctrina
326 2481 374 2502 en.

209 2573 291 2618 Gap.
307 2570 442 2606 XXXI.
465 2590 508 2595 —
539 2580 568 2603 a.
585 2567 755 2613 Donatus]
786 2567 902 2602 Hiero·
1017 2565 1099 2609 Cap.
1117 2561 1268 2597 XXXII.
1286 2580 1330 2585 -—
1359 2570 1389 2593 a.
1415 2557 1622 2601 Gotispitas]
1657 2555 1709 2588 In-

166 2629 291 2664 nymus
309 2618 358 2651 De
376 2617 512 2661 Scriptt.
528 2614 618 2649 Eccl.
644 2626 670 2647 c.
689 2614 741 2646 93.
771 2613 903 2654 „Dona-
972 2615 1098 2644 tactam
1116 2608 1238 2652 reliqui
1262 2606 1350 2639 hanc
1368 2604 1583 2647 scripturam.
1613 2601 1652 2633 V.
1671 2600 1711 2632 de
1771 2625 1773 2629 ,

164 2669 239 2707 tus,
263 2675 284 2697 a
300 2674 368 2708 quo
392 2660 578 2696 Donatiani
594 2670 653 2704 per
677 2659 827 2692 Africam
840 2659 903 2691 sub
973 2657 1036 2690 hoc
1053 2659 1166 2689 sectae
1180 2652 1393 2686 Donatianae
1410 2648 1548 2681 nomine
1562 2647 1585 2680 1.
1600 2646 1638 2679 B.
1650 2646 1712 2678 Co-

166 2709 392 2744 Constantino
410 2706 678 2749 Constantioque
695 2704 905 2749 principibus
973 2703 1067 2735 teler.
1100 2700 1141 2732 ad
1174 2699 1221 2731 lo.
1246 2697 1447 2730 Damascen.
1473 2693 1571 2727 Haer.
1596 2691 1648 2725 95.
1678 2692 1710 2723 111

166 2749 904 2801 pullulaverunt,asserensanostrisscriptu-
973 2748 1064 2780 1⁴:001.
1091 2745 1148 2779 Gr.
1167 2745 1321 2777 Monuni.
1347 2745 1427 2773 10111.
1446 2738 1489 2779 L,
1510 2749 1543 2782 p.
1562 2737 1656 2777 783³„
1682 2741 1715 2769 et

168 2812 224 2835 ras
236 2799 516 2845 inpersecutione
532 2796 674 2831 ethnicis
690 2795 841 2835 traditas,
854 2797 904 2827 to-
975 2803 1062 2837 quae
1080 2791 1289 2824 adnotarunt.
1306 2784 1516 2820 Benedictini
1539 2783 1581 2815 ad
1598 2782 1715 2825 Augu-

168 2851 241 2880 tam
257 2856 365 2891 paene
380 2844 531 2878 Africam
544 2869 551 2883 ,
574 2847 607 2875 ct
623 2841 774 2874 maxime
790 2839 908 2873 Numi·
978 2838 1059 2871 stini
1076 2836 1182 2880 Epist.
1204 2834 1287 2873 hisi,
1307 2833 1364 2866 ubi
1381 2832 1414 2864 in
1432 2830 1603 2874 plerisque
1621 2828 1715 2860 libris

169 2892 273 2933 diam,
291 2902 353 2925 sua
369 2889 590 2935 persuasione
609 2886 749 2931 decepit.
781 2885 910 2919 Extant
978 2894 1060 2916 mss.
1083 2882 1248 2925 scriptum
1273 2881 1368 2912 extat
1393 2875 1647 2918 „Montensium
1662 2874 1715 2906 vel

171 2937 244 2971 eius
260 2937 370 2970 multa
386 2935 429 2969 ad
446 2945 543 2968 suam
559 2932 726 2966 haeresim
739 2931 909 2976 pertinen·
980 2931 1079 2961 (larsa
1097 2925 1260 2959 11't111·11»1.”

171 2983 228 3034 tia·
237 2982 414 3027 opuscula,
431 2985 463 3014 et
477 2981 516 3013 de
531 2979 659 3023 Spiritu
674 2978 801 3010 Sancto
815 2977 909 3017 liber,
1026 2974 1057 3005 b.
1078 2940 1208 3005 liabent
1226 2969 1430 3010 doctrinam]
1462 2966 1579 2999 Isidor.
1599 2964 1716 3009 Origg.

173 3028 298 3062 Amano
316 3027 468 3073 dogmati
485 3023 710 3070 congruens.''
982 3018 1068 3059 vul,
1085 3018 1116 3059 ἴ),
1134 3017 1187 3051 53.
1207 3013 1526 3059 „Circunuelliones
1543 3011 1621 3045 dicti
1639 3007 1719 3044 sunt
