<?xml version="1.0" encoding="UTF-8"?>
<!DOCTYPE html PUBLIC "-//W3C//DTD XHTML 1.0 Transitional//EN"
    "http://www.w3.org/TR/xhtml1/DTD/xhtml1-transitional.dtd">
<html xmlns="http://www.w3.org/1999/xhtml" xml:lang="en" lang="en">
 <head>
  <title>
</title>
<meta http-equiv="Content-Type" content="text/html;charset=utf-8" />
  <meta name='ocr-system' content='tesseract 3.04.00' />
  <meta name='ocr-capabilities' content='ocr_page ocr_carea ocr_par ocr_line ocrx_word'/>
</head>
<body>
  <div class='ocr_page' id='page_1' title='image "./corporishaereseo01epipuoft_0414.png"; bbox 0 0 2052 3342; ppageno 0'>
   <div class='ocr_carea' id='block_1_1' title="bbox 385 207 463 249">
    <p class='ocr_par' dir='ltr' id='par_1_1' title="bbox 385 207 463 249">
     <span class='ocr_line' id='line_1_1' title="bbox 385 207 463 249; baseline -0.013 0"><span class='ocrx_word' id='word_1_1' title='bbox 385 207 463 249; x_wconf 79' lang='lat'>392</span> 
     </span>
    </p>
   </div>
   <div class='ocr_carea' id='block_1_2' title="bbox 382 305 1930 3070">
    <p class='ocr_par' dir='ltr' id='par_1_2' title="bbox 382 305 1926 1392">
     <span class='ocr_line' id='line_1_2' title="bbox 384 305 1919 382; baseline -0.001 -41"><span class='ocrx_word' id='word_1_2' title='bbox 384 318 455 352; x_wconf 86' lang='lat' dir='ltr'>cap.</span> <span class='ocrx_word' id='word_1_3' title='bbox 473 307 528 340; x_wconf 92' lang='lat' dir='ltr'>VI.</span> <span class='ocrx_word' id='word_1_4' title='bbox 559 306 745 339; x_wconf 78' lang='lat' dir='ltr'>primasius</span> <span class='ocrx_word' id='word_1_5' title='bbox 764 305 912 338; x_wconf 85' lang='lat' dir='ltr'><strong>African.</strong></span> <span class='ocrx_word' id='word_1_6' title='bbox 929 305 1076 382; x_wconf 65' lang='lat' dir='ltr'>episcop.</span> <span class='ocrx_word' id='word_1_7' title='bbox 1094 306 1128 338; x_wconf 88' lang='lat' dir='ltr'>in</span> <span class='ocrx_word' id='word_1_8' title='bbox 1146 305 1279 349; x_wconf 87' lang='lat' dir='ltr'>epistol.</span> <span class='ocrx_word' id='word_1_9' title='bbox 1296 305 1392 338; x_wconf 91' lang='lat' dir='ltr'>Pauli</span> <span class='ocrx_word' id='word_1_10' title='bbox 1410 305 1451 338; x_wconf 90' lang='lat' dir='ltr'>ad</span> <span class='ocrx_word' id='word_1_11' title='bbox 1468 305 1613 340; x_wconf 85' lang='lat' dir='ltr'><strong>Roman.</strong></span> <span class='ocrx_word' id='word_1_12' title='bbox 1631 316 1705 352; x_wconf 87' lang='lat' dir='ltr'>cap.</span> <span class='ocrx_word' id='word_1_13' title='bbox 1723 305 1779 340; x_wconf 88' lang='lat' dir='ltr'>VI.</span> <span class='ocrx_word' id='word_1_14' title='bbox 1812 305 1919 351; x_wconf 74' lang='lat' dir='ltr'>Cyri]-</span> 
     </span>
     <span class='ocr_line' id='line_1_3' title="bbox 384 349 1919 397; baseline -0.001 -11"><span class='ocrx_word' id='word_1_15' title='bbox 384 354 436 386; x_wconf 86' lang='lat' dir='ltr'>lus</span> <span class='ocrx_word' id='word_1_16' title='bbox 459 351 758 394; x_wconf 70' lang='lat' dir='ltr'>Hierosolymitan.</span> <span class='ocrx_word' id='word_1_17' title='bbox 783 349 949 384; x_wconf 85' lang='lat' dir='ltr'>cateches.</span> <span class='ocrx_word' id='word_1_18' title='bbox 968 350 1033 383; x_wconf 88' lang='lat' dir='ltr'>XII</span> <span class='ocrx_word' id='word_1_19' title='bbox 1054 377 1060 383; x_wconf 98' lang='lat'>.</span> <span class='ocrx_word' id='word_1_20' title='bbox 1084 350 1264 384; x_wconf 87' lang='lat' dir='ltr'>illuminat.</span> <span class='ocrx_word' id='word_1_21' title='bbox 1290 350 1516 394; x_wconf 75' lang='lat' dir='ltr'>Hierosolym.</span> <span class='ocrx_word' id='word_1_22' title='bbox 1541 351 1690 387; x_wconf 82' lang='lat' dir='ltr'>fol.110.</span> <span class='ocrx_word' id='word_1_23' title='bbox 1729 351 1919 397; x_wconf 76' lang='lat' dir='ltr'>Cyprianus</span> 
     </span>
     <span class='ocr_line' id='line_1_4' title="bbox 384 394 1920 441; baseline -0.001 -10"><span class='ocrx_word' id='word_1_24' title='bbox 384 398 425 431; x_wconf 86' lang='lat' dir='ltr'>ad</span> <span class='ocrx_word' id='word_1_25' title='bbox 444 397 666 430; x_wconf 86' lang='lat' dir='ltr'>Fortunatum</span> <span class='ocrx_word' id='word_1_26' title='bbox 686 397 783 440; x_wconf 78' lang='lat' dir='ltr'>epist.</span> <span class='ocrx_word' id='word_1_27' title='bbox 801 395 957 428; x_wconf 90' lang='lat' dir='ltr'>LXXIII.</span> <span class='ocrx_word' id='word_1_28' title='bbox 982 395 1021 427; x_wconf 85' lang='lat' dir='ltr'>de</span> <span class='ocrx_word' id='word_1_29' title='bbox 1045 394 1212 429; x_wconf 77' lang='lat' dir='ltr'>exhortat.</span> <span class='ocrx_word' id='word_1_30' title='bbox 1236 397 1390 439; x_wconf 80' lang='lat' dir='ltr'>martyrii</span> <span class='ocrx_word' id='word_1_31' title='bbox 1412 396 1471 430; x_wconf 81' lang='lat' dir='ltr'>sol.</span> <span class='ocrx_word' id='word_1_32' title='bbox 1488 395 1563 430; x_wconf 68' lang='lat'>399.</span> <span class='ocrx_word' id='word_1_33' title='bbox 1588 397 1627 430; x_wconf 86' lang='lat' dir='ltr'>de</span> <span class='ocrx_word' id='word_1_34' title='bbox 1644 397 1742 431; x_wconf 84' lang='lat' dir='ltr'>stella</span> <span class='ocrx_word' id='word_1_35' title='bbox 1759 401 1793 430; x_wconf 90' lang='lat' dir='ltr'>et</span> <span class='ocrx_word' id='word_1_36' title='bbox 1808 397 1920 441; x_wconf 86' lang='lat' dir='ltr'>Magis</span> 
     </span>
     <span class='ocr_line' id='line_1_5' title="bbox 383 440 1921 487; baseline 0 -11"><span class='ocrx_word' id='word_1_37' title='bbox 383 444 439 477; x_wconf 83' lang='lat' dir='ltr'>sol.</span> <span class='ocrx_word' id='word_1_38' title='bbox 458 443 532 475; x_wconf 61' lang='grc'><strong>401).</strong></span> <span class='ocrx_word' id='word_1_39' title='bbox 559 441 721 474; x_wconf 79' lang='lat' dir='ltr'>Athanas.</span> <span class='ocrx_word' id='word_1_40' title='bbox 742 442 774 474; x_wconf 88' lang='lat' dir='ltr'>in</span> <span class='ocrx_word' id='word_1_41' title='bbox 800 447 930 485; x_wconf 82' lang='lat' dir='ltr'>quaest.</span> <span class='ocrx_word' id='word_1_42' title='bbox 957 452 1000 473; x_wconf 80' lang='lat' dir='ltr'>ss.</span> <span class='ocrx_word' id='word_1_43' title='bbox 1020 442 1174 485; x_wconf 79' lang='lat' dir='ltr'>scriptur.</span> <span class='ocrx_word' id='word_1_44' title='bbox 1194 446 1322 485; x_wconf 86' lang='lat' dir='ltr'>quaest.</span> <span class='ocrx_word' id='word_1_45' title='bbox 1343 440 1425 475; x_wconf 86' lang='lat' dir='ltr'>CIII.</span> <span class='ocrx_word' id='word_1_46' title='bbox 1449 441 1491 474; x_wconf 88' lang='lat' dir='ltr'>ad</span> <span class='ocrx_word' id='word_1_47' title='bbox 1508 441 1712 476; x_wconf 88' lang='lat' dir='ltr'>Antiochum</span> <span class='ocrx_word' id='word_1_48' title='bbox 1729 442 1921 487; x_wconf 84' lang='lat' dir='ltr'><strong>Principem</strong></span> 
     </span>
     <span class='ocr_line' id='line_1_6' title="bbox 384 485 1921 531; baseline 0.001 -11"><span class='ocrx_word' id='word_1_49' title='bbox 384 493 512 531; x_wconf 83' lang='lat' dir='ltr'>quaest.</span> <span class='ocrx_word' id='word_1_50' title='bbox 529 486 670 520; x_wconf 81' lang='lat' dir='ltr'>LXXII.</span> <span class='ocrx_word' id='word_1_51' title='bbox 696 486 860 524; x_wconf 58' lang='grc' dir='ltr'><strong>θήρ-01108</strong></span> <span class='ocrx_word' id='word_1_52' title='bbox 879 487 911 519; x_wconf 91' lang='lat' dir='ltr'>in</span> <span class='ocrx_word' id='word_1_53' title='bbox 931 485 1114 519; x_wconf 80' lang='lat' dir='ltr'>Iohannem</span> <span class='ocrx_word' id='word_1_54' title='bbox 1132 491 1227 519; x_wconf 84' lang='lat' dir='ltr'>tract.</span> <span class='ocrx_word' id='word_1_55' title='bbox 1248 486 1333 519; x_wconf 79' lang='lat' dir='ltr'>VIII.</span> <span class='ocrx_word' id='word_1_56' title='bbox 1356 486 1414 519; x_wconf 80' lang='lat' dir='ltr'>sol.</span> <span class='ocrx_word' id='word_1_57' title='bbox 1436 487 1507 521; x_wconf 81' lang='lat'>194.</span> <span class='ocrx_word' id='word_1_58' title='bbox 1532 487 1566 520; x_wconf 93' lang='lat' dir='ltr'>in</span> <span class='ocrx_word' id='word_1_59' title='bbox 1590 486 1801 521; x_wconf 87' lang='lat' dir='ltr'>Matthaeum</span> <span class='ocrx_word' id='word_1_60' title='bbox 1825 490 1921 521; x_wconf 82' lang='lat' dir='ltr'>tract.</span> 
     </span>
     <span class='ocr_line' id='line_1_7' title="bbox 383 530 1922 584; baseline 0 -18"><span class='ocrx_word' id='word_1_61' title='bbox 383 533 458 566; x_wconf 75' lang='lat' dir='ltr'>XII.</span> <span class='ocrx_word' id='word_1_62' title='bbox 478 543 550 576; x_wconf 77' lang='lat' dir='ltr'>cap.</span> <span class='ocrx_word' id='word_1_63' title='bbox 569 531 650 565; x_wconf 85' lang='lat' dir='ltr'>XX.</span> <span class='ocrx_word' id='word_1_64' title='bbox 693 532 892 564; x_wconf 78' lang='lat' dir='ltr'>Ambrosius</span> <span class='ocrx_word' id='word_1_65' title='bbox 910 532 942 564; x_wconf 90' lang='lat' dir='ltr'>in</span> <span class='ocrx_word' id='word_1_66' title='bbox 961 531 1083 564; x_wconf 87' lang='lat' dir='ltr'>Psalm.</span> <span class='ocrx_word' id='word_1_67' title='bbox 1103 531 1252 564; x_wconf 80' lang='lat' dir='ltr'>CXVIII.</span> <span class='ocrx_word' id='word_1_68' title='bbox 1275 532 1332 565; x_wconf 86' lang='lat' dir='ltr'>fol.</span> <span class='ocrx_word' id='word_1_69' title='bbox 1352 530 1427 565; x_wconf 78' lang='lat'>891.</span> <span class='ocrx_word' id='word_1_70' title='bbox 1466 532 1598 575; x_wconf 72' lang='lat' dir='ltr'>Haymo</span> <span class='ocrx_word' id='word_1_71' title='bbox 1615 533 1764 584; x_wconf 86' lang='lat' dir='ltr'>episcop.</span> <span class='ocrx_word' id='word_1_72' title='bbox 1781 533 1922 566; x_wconf 87' lang='lat' dir='ltr'>Halber-</span> 
     </span>
     <span class='ocr_line' id='line_1_8' title="bbox 384 576 1921 622; baseline 0.001 -12"><span class='ocrx_word' id='word_1_73' title='bbox 384 582 476 611; x_wconf 87' lang='lat' dir='ltr'>statt.</span> <span class='ocrx_word' id='word_1_74' title='bbox 496 578 529 610; x_wconf 89' lang='lat' dir='ltr'>in</span> <span class='ocrx_word' id='word_1_75' title='bbox 549 577 726 621; x_wconf 82' lang='lat' dir='ltr'>epistolam</span> <span class='ocrx_word' id='word_1_76' title='bbox 747 577 839 610; x_wconf 80' lang='lat' dir='ltr'>l&#39;anli</span> <span class='ocrx_word' id='word_1_77' title='bbox 858 577 899 609; x_wconf 91' lang='lat' dir='ltr'>ad</span> <span class='ocrx_word' id='word_1_78' title='bbox 918 577 1059 610; x_wconf 80' lang='lat' dir='ltr'>Roman.</span> <span class='ocrx_word' id='word_1_79' title='bbox 1077 588 1148 622; x_wconf 75' lang='lat' dir='ltr'>cap.</span> <span class='ocrx_word' id='word_1_80' title='bbox 1170 576 1221 610; x_wconf 83' lang='lat' dir='ltr'>VI.</span> <span class='ocrx_word' id='word_1_81' title='bbox 1253 577 1388 609; x_wconf 69' lang='lat' dir='ltr'>Nicetas</span> <span class='ocrx_word' id='word_1_82' title='bbox 1412 577 1446 610; x_wconf 92' lang='lat' dir='ltr'>in</span> <span class='ocrx_word' id='word_1_83' title='bbox 1465 582 1548 610; x_wconf 88' lang='lat' dir='ltr'>orat.</span> <span class='ocrx_word' id='word_1_84' title='bbox 1565 577 1770 611; x_wconf 73' lang='lat' dir='ltr'>Namanzeni</span> <span class='ocrx_word' id='word_1_85' title='bbox 1787 578 1826 611; x_wconf 91' lang='lat' dir='ltr'>de</span> <span class='ocrx_word' id='word_1_86' title='bbox 1843 588 1921 612; x_wconf 84' lang='lat' dir='ltr'>san·</span> 
     </span>
     <span class='ocr_line' id='line_1_9' title="bbox 383 621 1921 666; baseline 0.001 -11"><span class='ocrx_word' id='word_1_87' title='bbox 383 624 445 655; x_wconf 78' lang='lat' dir='ltr'>ctis</span> <span class='ocrx_word' id='word_1_88' title='bbox 465 623 648 655; x_wconf 81' lang='lat' dir='ltr'>luminibus</span> <span class='ocrx_word' id='word_1_89' title='bbox 666 622 723 655; x_wconf 87' lang='lat' dir='ltr'>fol.</span> <span class='ocrx_word' id='word_1_90' title='bbox 741 622 815 656; x_wconf 68' lang='lat'>842.</span> <span class='ocrx_word' id='word_1_91' title='bbox 842 623 1023 664; x_wconf 61' lang='lat' dir='ltr'>Augustin.</span> <span class='ocrx_word' id='word_1_92' title='bbox 1042 622 1083 655; x_wconf 90' lang='lat' dir='ltr'>ad</span> <span class='ocrx_word' id='word_1_93' title='bbox 1098 622 1289 656; x_wconf 81' lang='lat' dir='ltr'>Seleuciam</span> <span class='ocrx_word' id='word_1_94' title='bbox 1305 623 1402 666; x_wconf 87' lang='lat' dir='ltr'><strong>epist.</strong></span> <span class='ocrx_word' id='word_1_95' title='bbox 1417 621 1531 656; x_wconf 88' lang='lat' dir='ltr'>CVIII.</span> <span class='ocrx_word' id='word_1_96' title='bbox 1559 621 1756 657; x_wconf 84' lang='lat' dir='ltr'><strong>Gennadius</strong></span> <span class='ocrx_word' id='word_1_97' title='bbox 1770 622 1921 657; x_wconf 90' lang='lat' dir='ltr'>hocloco</span> 
     </span>
     <span class='ocr_line' id='line_1_10' title="bbox 383 667 1922 713; baseline 0.001 -12"><span class='ocrx_word' id='word_1_98' title='bbox 383 678 459 701; x_wconf 89' lang='lat' dir='ltr'>cum</span> <span class='ocrx_word' id='word_1_99' title='bbox 479 667 624 711; x_wconf 77' lang='lat' dir='ltr'>OrIgene</span> <span class='ocrx_word' id='word_1_100' title='bbox 643 673 674 700; x_wconf 91' lang='lat' dir='ltr'>et</span> <span class='ocrx_word' id='word_1_101' title='bbox 702 667 866 711; x_wconf 83' lang='lat' dir='ltr'>Prospero</span> <span class='ocrx_word' id='word_1_102' title='bbox 886 668 1092 711; x_wconf 85' lang='lat' dir='ltr'>baptismum</span> <span class='ocrx_word' id='word_1_103' title='bbox 1110 668 1289 711; x_wconf 66' lang='lat' dir='ltr'>sanguinis</span> <span class='ocrx_word' id='word_1_104' title='bbox 1307 678 1385 700; x_wconf 86' lang='lat' dir='ltr'>vero</span> <span class='ocrx_word' id='word_1_105' title='bbox 1404 668 1574 712; x_wconf 89' lang='lat' dir='ltr'>baptismo</span> <span class='ocrx_word' id='word_1_106' title='bbox 1591 672 1771 713; x_wconf 84' lang='lat' dir='ltr'>exaequat.</span> <span class='ocrx_word' id='word_1_107' title='bbox 1805 668 1922 713; x_wconf 85' lang='lat' dir='ltr'>Orige-</span> 
     </span>
     <span class='ocr_line' id='line_1_11' title="bbox 382 712 1925 757; baseline 0 -11"><span class='ocrx_word' id='word_1_108' title='bbox 382 724 443 746; x_wconf 89' lang='lat' dir='ltr'>nes</span> <span class='ocrx_word' id='word_1_109' title='bbox 462 713 495 746; x_wconf 92' lang='lat' dir='ltr'>in</span> <span class='ocrx_word' id='word_1_110' title='bbox 514 713 666 746; x_wconf 73' lang='lat' dir='ltr'>Indicum</span> <span class='ocrx_word' id='word_1_111' title='bbox 684 724 755 757; x_wconf 84' lang='lat' dir='ltr'>cap.</span> <span class='ocrx_word' id='word_1_112' title='bbox 774 713 828 746; x_wconf 79' lang='lat' dir='ltr'>VI.</span> <span class='ocrx_word' id='word_1_113' title='bbox 847 712 962 746; x_wconf 87' lang='lat' dir='ltr'>homil.</span> <span class='ocrx_word' id='word_1_114' title='bbox 982 713 1051 747; x_wconf 76' lang='lat' dir='ltr'>VII.</span> <span class='ocrx_word' id='word_1_115' title='bbox 1069 714 1125 746; x_wconf 85' lang='lat' dir='ltr'>fol.</span> <span class='ocrx_word' id='word_1_116' title='bbox 1145 712 1219 747; x_wconf 67' lang='grc' dir='ltr'>ί213.</span> <span class='ocrx_word' id='word_1_117' title='bbox 1256 713 1433 757; x_wconf 79' lang='lat' dir='ltr'>Baptisma</span> <span class='ocrx_word' id='word_1_118' title='bbox 1449 716 1625 755; x_wconf 70' lang='lat' dir='ltr'>sanquinis</span> <span class='ocrx_word' id='word_1_119' title='bbox 1640 715 1740 746; x_wconf 75' lang='lat' dir='ltr'>solum</span> <span class='ocrx_word' id='word_1_120' title='bbox 1759 719 1821 754; x_wconf 75' lang='lat' dir='ltr'>est,</span> <span class='ocrx_word' id='word_1_121' title='bbox 1839 715 1925 757; x_wconf 84' lang='lat' dir='ltr'>quod</span> 
     </span>
     <span class='ocr_line' id='line_1_12' title="bbox 383 757 1923 804; baseline 0.001 -14"><span class='ocrx_word' id='word_1_122' title='bbox 383 770 442 792; x_wconf 78' lang='lat' dir='ltr'>nos</span> <span class='ocrx_word' id='word_1_123' title='bbox 452 762 609 803; x_wconf 71' lang='lat' dir='ltr'>puriores</span> <span class='ocrx_word' id='word_1_124' title='bbox 618 759 738 798; x_wconf 78' lang='lat' dir='ltr'>reddit,</span> <span class='ocrx_word' id='word_1_125' title='bbox 752 770 848 801; x_wconf 76' lang='lat' dir='ltr'>quam</span> <span class='ocrx_word' id='word_1_126' title='bbox 860 770 968 802; x_wconf 67' lang='lat' dir='ltr'>aquae</span> <span class='ocrx_word' id='word_1_127' title='bbox 985 759 1166 802; x_wconf 73' lang='lat' dir='ltr'><em>baptismus</em></span> <span class='ocrx_word' id='word_1_128' title='bbox 1176 760 1332 791; x_wconf 64' lang='lat' dir='ltr'>reddidit.</span> <span class='ocrx_word' id='word_1_129' title='bbox 1345 757 1581 803; x_wconf 80' lang='lat' dir='ltr'>ProsperTyro</span> <span class='ocrx_word' id='word_1_130' title='bbox 1592 758 1923 804; x_wconf 83' lang='lat' dir='ltr'>epigr.LXXXV111.</span> 
     </span>
     <span class='ocr_line' id='line_1_13' title="bbox 739 804 1522 847; baseline 0 -11"><span class='ocrx_word' id='word_1_131' title='bbox 739 804 777 836; x_wconf 69' lang='lat' dir='ltr'>»Si</span> <span class='ocrx_word' id='word_1_132' title='bbox 794 806 911 837; x_wconf 77' lang='lat' dir='ltr'>mundo</span> <span class='ocrx_word' id='word_1_133' title='bbox 930 807 1076 843; x_wconf 70' lang='lat' dir='ltr'>moritur,</span> <span class='ocrx_word' id='word_1_134' title='bbox 1098 805 1210 836; x_wconf 64' lang='lat' dir='ltr'>dii-ino</span> <span class='ocrx_word' id='word_1_135' title='bbox 1219 806 1315 847; x_wconf 71' lang='lat' dir='ltr'>sonte</span> <span class='ocrx_word' id='word_1_136' title='bbox 1332 815 1522 844; x_wconf 68' lang='lat' dir='ltr'>renascens,</span> 
     </span>
     <span class='ocr_line' id='line_1_14' title="bbox 788 849 1494 893; baseline 0 -12"><span class='ocrx_word' id='word_1_137' title='bbox 788 849 906 892; x_wconf 76' lang='lat' dir='ltr'>Fitque</span> <span class='ocrx_word' id='word_1_138' title='bbox 925 862 1023 882; x_wconf 67' lang='lat' dir='ltr'>nor-us</span> <span class='ocrx_word' id='word_1_139' title='bbox 1040 853 1119 888; x_wconf 69' lang='lat' dir='ltr'>ritu,</span> <span class='ocrx_word' id='word_1_140' title='bbox 1137 852 1193 892; x_wconf 74' lang='lat' dir='ltr'>qm·</span> <span class='ocrx_word' id='word_1_141' title='bbox 1207 850 1366 893; x_wconf 73' lang='lat' dir='ltr'>sepelitur</span> <span class='ocrx_word' id='word_1_142' title='bbox 1386 861 1494 893; x_wconf 73' lang='lat' dir='ltr'>aqua.-</span> 
     </span>
     <span class='ocr_line' id='line_1_15' title="bbox 745 894 1574 938; baseline 0 -11"><span class='ocrx_word' id='word_1_143' title='bbox 745 894 917 928; x_wconf 72' lang='lat' dir='ltr'>Fraadah&#39;</span> <span class='ocrx_word' id='word_1_144' title='bbox 933 907 994 927; x_wconf 76' lang='lat' dir='ltr'>mm</span> <span class='ocrx_word' id='word_1_145' title='bbox 1011 900 1086 927; x_wconf 76' lang='lat' dir='ltr'>sunt</span> <span class='ocrx_word' id='word_1_146' title='bbox 1100 906 1200 927; x_wconf 77' lang='lat' dir='ltr'>sacro</span> <span class='ocrx_word' id='word_1_147' title='bbox 1219 895 1419 938; x_wconf 72' lang='lat' dir='ltr'>baptismate</span> <span class='ocrx_word' id='word_1_148' title='bbox 1437 894 1574 934; x_wconf 69' lang='lat' dir='ltr'>Christi,</span> 
     </span>
     <span class='ocr_line' id='line_1_16' title="bbox 788 939 1549 984; baseline 0.001 -12"><span class='ocrx_word' id='word_1_149' title='bbox 788 939 878 972; x_wconf 75' lang='lat' dir='ltr'>Fons</span> <span class='ocrx_word' id='word_1_150' title='bbox 894 940 1007 983; x_wconf 63' lang='lat' dir='ltr'>quilius</span> <span class='ocrx_word' id='word_1_151' title='bbox 1026 943 1095 984; x_wconf 64' lang='lat' dir='ltr'>ipse</span> <span class='ocrx_word' id='word_1_152' title='bbox 1111 942 1165 972; x_wconf 62' lang='lat' dir='ltr'>sm?</span> <span class='ocrx_word' id='word_1_153' title='bbox 1176 942 1350 982; x_wconf 72' lang='lat' dir='ltr'>sanquz&#39;m&#39;s</span> <span class='ocrx_word' id='word_1_154' title='bbox 1368 940 1458 972; x_wconf 78' lang='lat' dir='ltr'>unda</span> <span class='ocrx_word' id='word_1_155' title='bbox 1467 942 1549 982; x_wconf 77' lang='lat' dir='ltr'>fuit.</span> 
     </span>
     <span class='ocr_line' id='line_1_17' title="bbox 743 984 1601 1029; baseline 0 -11"><span class='ocrx_word' id='word_1_156' title='bbox 743 984 790 1018; x_wconf 79' lang='lat' dir='ltr'>Et</span> <span class='ocrx_word' id='word_1_157' title='bbox 804 987 966 1029; x_wconf 76' lang='lat' dir='ltr'>quidquid</span> <span class='ocrx_word' id='word_1_158' title='bbox 980 988 1156 1029; x_wconf 70' lang='lat' dir='ltr'>scu-rijert</span> <span class='ocrx_word' id='word_1_159' title='bbox 1173 988 1437 1028; x_wconf 71' lang='lat' dir='ltr'>mysti‹·‹1.jbrma</span> <span class='ocrx_word' id='word_1_160' title='bbox 1455 986 1601 1026; x_wconf 75' lang='lat' dir='ltr'>tavae-ri,</span> 
     </span>
     <span class='ocr_line' id='line_1_18' title="bbox 787 1031 1425 1074; baseline 0 -11"><span class='ocrx_word' id='word_1_161' title='bbox 787 1031 832 1063; x_wconf 70' lang='lat' dir='ltr'>Ic!</span> <span class='ocrx_word' id='word_1_162' title='bbox 849 1037 944 1062; x_wconf 74' lang='lat' dir='ltr'>totum</span> <span class='ocrx_word' id='word_1_163' title='bbox 968 1031 1116 1074; x_wconf 69' lang='lat' dir='ltr'>implet-i!</span> <span class='ocrx_word' id='word_1_164' title='bbox 1130 1031 1241 1072; x_wconf 50' lang='lat' dir='ltr'>{floria</span> <span class='ocrx_word' id='word_1_165' title='bbox 1260 1033 1425 1073; x_wconf 69' lang='lat' dir='ltr'>nmrlyrii.</span> 
     </span>
     <span class='ocr_line' id='line_1_19' title="bbox 384 1075 1924 1120; baseline 0 -11"><span class='ocrx_word' id='word_1_166' title='bbox 384 1076 450 1110; x_wconf 83' lang='lat' dir='ltr'>Sed</span> <span class='ocrx_word' id='word_1_167' title='bbox 467 1075 530 1110; x_wconf 92' lang='lat' dir='ltr'>hoc</span> <span class='ocrx_word' id='word_1_168' title='bbox 547 1076 672 1110; x_wconf 89' lang='lat' dir='ltr'>falsum</span> <span class='ocrx_word' id='word_1_169' title='bbox 691 1079 752 1116; x_wconf 86' lang='lat' dir='ltr'>est,</span> <span class='ocrx_word' id='word_1_170' title='bbox 769 1076 971 1119; x_wconf 70' lang='lat' dir='ltr'>martyrium</span> <span class='ocrx_word' id='word_1_171' title='bbox 995 1076 1086 1109; x_wconf 86' lang='lat' dir='ltr'>enim</span> <span class='ocrx_word' id='word_1_172' title='bbox 1109 1087 1177 1108; x_wconf 87' lang='lat' dir='ltr'>non</span> <span class='ocrx_word' id='word_1_173' title='bbox 1203 1076 1337 1120; x_wconf 84' lang='lat' dir='ltr'>proprie</span> <span class='ocrx_word' id='word_1_174' title='bbox 1355 1079 1387 1108; x_wconf 89' lang='lat' dir='ltr'>et</span> <span class='ocrx_word' id='word_1_175' title='bbox 1404 1075 1614 1120; x_wconf 87' lang='lat' dir='ltr'>simpliciter,</span> <span class='ocrx_word' id='word_1_176' title='bbox 1631 1075 1690 1109; x_wconf 89' lang='lat' dir='ltr'>sed</span> <span class='ocrx_word' id='word_1_177' title='bbox 1707 1085 1767 1120; x_wconf 86' lang='lat' dir='ltr'>per</span> <span class='ocrx_word' id='word_1_178' title='bbox 1783 1076 1924 1110; x_wconf 85' lang='lat' dir='ltr'>attribu-</span> 
     </span>
     <span class='ocr_line' id='line_1_20' title="bbox 382 1120 1925 1166; baseline 0 -11"><span class='ocrx_word' id='word_1_179' title='bbox 382 1123 511 1156; x_wconf 91' lang='lat' dir='ltr'>tionem</span> <span class='ocrx_word' id='word_1_180' title='bbox 530 1121 661 1160; x_wconf 84' lang='lat' dir='ltr'>dicitur,</span> <span class='ocrx_word' id='word_1_181' title='bbox 681 1128 712 1154; x_wconf 84' lang='lat' dir='ltr'>ct</span> <span class='ocrx_word' id='word_1_182' title='bbox 730 1130 779 1154; x_wconf 87' lang='lat' dir='ltr'>est</span> <span class='ocrx_word' id='word_1_183' title='bbox 799 1122 1002 1166; x_wconf 75' lang='lat' dir='ltr'>baptismus,</span> <span class='ocrx_word' id='word_1_184' title='bbox 1021 1132 1058 1154; x_wconf 91' lang='lat' dir='ltr'>ac</span> <span class='ocrx_word' id='word_1_185' title='bbox 1076 1120 1215 1165; x_wconf 78' lang='lat' dir='ltr'>proinde</span> <span class='ocrx_word' id='word_1_186' title='bbox 1235 1121 1306 1154; x_wconf 90' lang='lat' dir='ltr'>eius</span> <span class='ocrx_word' id='word_1_187' title='bbox 1324 1120 1477 1154; x_wconf 78' lang='lat' dir='ltr'>efficacia</span> <span class='ocrx_word' id='word_1_188' title='bbox 1495 1131 1561 1154; x_wconf 91' lang='lat' dir='ltr'>non</span> <span class='ocrx_word' id='word_1_189' title='bbox 1584 1121 1724 1162; x_wconf 66' lang='lat' dir='ltr'>attingit</span> <span class='ocrx_word' id='word_1_190' title='bbox 1746 1120 1788 1154; x_wconf 86' lang='lat' dir='ltr'>ad</span> <span class='ocrx_word' id='word_1_191' title='bbox 1811 1120 1925 1155; x_wconf 81' lang='lat' dir='ltr'>effica-</span> 
     </span>
     <span class='ocr_line' id='line_1_21' title="bbox 383 1164 1926 1212; baseline 0 -11"><span class='ocrx_word' id='word_1_192' title='bbox 383 1168 471 1201; x_wconf 84' lang='lat' dir='ltr'>ciam</span> <span class='ocrx_word' id='word_1_193' title='bbox 489 1168 559 1200; x_wconf 88' lang='lat' dir='ltr'>veri</span> <span class='ocrx_word' id='word_1_194' title='bbox 576 1167 748 1212; x_wconf 81' lang='lat' dir='ltr'>baptismi,</span> <span class='ocrx_word' id='word_1_195' title='bbox 767 1167 824 1211; x_wconf 84' lang='lat' dir='ltr'>qui</span> <span class='ocrx_word' id='word_1_196' title='bbox 843 1167 974 1211; x_wconf 85' lang='lat' dir='ltr'>proprie</span> <span class='ocrx_word' id='word_1_197' title='bbox 993 1171 1024 1199; x_wconf 82' lang='lat' dir='ltr'>et</span> <span class='ocrx_word' id='word_1_198' title='bbox 1043 1167 1241 1210; x_wconf 84' lang='lat' dir='ltr'>simpliciter</span> <span class='ocrx_word' id='word_1_199' title='bbox 1257 1176 1345 1199; x_wconf 92' lang='lat' dir='ltr'>unus</span> <span class='ocrx_word' id='word_1_200' title='bbox 1360 1170 1419 1206; x_wconf 87' lang='lat' dir='ltr'>est,</span> <span class='ocrx_word' id='word_1_201' title='bbox 1437 1166 1664 1211; x_wconf 84' lang='lat' dir='ltr'>virtutemque</span> <span class='ocrx_word' id='word_1_202' title='bbox 1678 1164 1781 1200; x_wconf 84' lang='lat' dir='ltr'>habet</span> <span class='ocrx_word' id='word_1_203' title='bbox 1794 1177 1837 1200; x_wconf 88' lang='lat' dir='ltr'>ex</span> <span class='ocrx_word' id='word_1_204' title='bbox 1850 1177 1926 1212; x_wconf 87' lang='lat' dir='ltr'>pas-</span> 
     </span>
     <span class='ocr_line' id='line_1_22' title="bbox 383 1211 1926 1256; baseline -0.001 -10"><span class='ocrx_word' id='word_1_205' title='bbox 383 1213 479 1246; x_wconf 81' lang='lat' dir='ltr'>sione</span> <span class='ocrx_word' id='word_1_206' title='bbox 497 1212 633 1246; x_wconf 76' lang='lat' dir='ltr'>Christi.</span> <span class='ocrx_word' id='word_1_207' title='bbox 651 1218 682 1245; x_wconf 88' lang='lat' dir='ltr'>et</span> <span class='ocrx_word' id='word_1_208' title='bbox 700 1212 736 1245; x_wconf 87' lang='lat' dir='ltr'>fit</span> <span class='ocrx_word' id='word_1_209' title='bbox 755 1213 788 1245; x_wconf 82' lang='lat' dir='ltr'>iu</span> <span class='ocrx_word' id='word_1_210' title='bbox 806 1222 893 1256; x_wconf 85' lang='lat' dir='ltr'>aqua</span> <span class='ocrx_word' id='word_1_211' title='bbox 913 1223 990 1244; x_wconf 81' lang='lat' dir='ltr'>cum</span> <span class='ocrx_word' id='word_1_212' title='bbox 1009 1212 1232 1244; x_wconf 83' lang='lat' dir='ltr'>determinata</span> <span class='ocrx_word' id='word_1_213' title='bbox 1250 1212 1359 1244; x_wconf 82' lang='lat' dir='ltr'>forma</span> <span class='ocrx_word' id='word_1_214' title='bbox 1383 1211 1581 1249; x_wconf 77' lang='lat' dir='ltr'>verborum,</span> <span class='ocrx_word' id='word_1_215' title='bbox 1604 1217 1637 1245; x_wconf 90' lang='lat' dir='ltr'>et</span> <span class='ocrx_word' id='word_1_216' title='bbox 1659 1214 1712 1245; x_wconf 86' lang='lat' dir='ltr'>est</span> <span class='ocrx_word' id='word_1_217' title='bbox 1735 1221 1926 1246; x_wconf 83' lang='lat' dir='ltr'>sacramen-</span> 
     </span>
     <span class='ocr_line' id='line_1_23' title="bbox 382 1256 1926 1303; baseline 0 -12"><span class='ocrx_word' id='word_1_218' title='bbox 382 1261 456 1291; x_wconf 88' lang='lat' dir='ltr'>tum</span> <span class='ocrx_word' id='word_1_219' title='bbox 475 1258 513 1291; x_wconf 91' lang='lat' dir='ltr'>de</span> <span class='ocrx_word' id='word_1_220' title='bbox 532 1269 598 1302; x_wconf 88' lang='lat' dir='ltr'>quo</span> <span class='ocrx_word' id='word_1_221' title='bbox 617 1257 698 1291; x_wconf 89' lang='lat' dir='ltr'>dicit</span> <span class='ocrx_word' id='word_1_222' title='bbox 715 1259 888 1303; x_wconf 81' lang='lat' dir='ltr'>apostolus</span> <span class='ocrx_word' id='word_1_223' title='bbox 904 1257 1028 1290; x_wconf 84' lang='lat' dir='ltr'>Paulus</span> <span class='ocrx_word' id='word_1_224' title='bbox 1047 1257 1087 1290; x_wconf 86' lang='lat' dir='ltr'>ad</span> <span class='ocrx_word' id='word_1_225' title='bbox 1104 1256 1223 1301; x_wconf 77' lang='lat' dir='ltr'>Ephes.</span> <span class='ocrx_word' id='word_1_226' title='bbox 1239 1256 1292 1289; x_wconf 94' lang='lat' dir='ltr'>IV.</span> <span class='ocrx_word' id='word_1_227' title='bbox 1310 1267 1397 1291; x_wconf 82' lang='lat' dir='ltr'>vers,</span> <span class='ocrx_word' id='word_1_228' title='bbox 1411 1256 1441 1290; x_wconf 85' lang='lat'>5.</span> <span class='ocrx_word' id='word_1_229' title='bbox 1459 1256 1551 1290; x_wconf 91' lang='lat' dir='ltr'>Unus</span> <span class='ocrx_word' id='word_1_230' title='bbox 1564 1256 1735 1298; x_wconf 87' lang='lat' dir='ltr'>dominus,</span> <span class='ocrx_word' id='word_1_231' title='bbox 1749 1267 1818 1291; x_wconf 82' lang='lat' dir='ltr'>una</span> <span class='ocrx_word' id='word_1_232' title='bbox 1829 1257 1926 1299; x_wconf 84' lang='lat' dir='ltr'>fides,</span> 
     </span>
     <span class='ocr_line' id='line_1_24' title="bbox 382 1301 1926 1347; baseline 0 -10"><span class='ocrx_word' id='word_1_233' title='bbox 382 1314 489 1337; x_wconf 86' lang='lat' dir='ltr'>unum</span> <span class='ocrx_word' id='word_1_234' title='bbox 516 1303 555 1336; x_wconf 91' lang='lat' dir='ltr'>ba</span> <span class='ocrx_word' id='word_1_235' title='bbox 570 1304 695 1336; x_wconf 72' lang='lat' dir='ltr'>›tisma</span> <span class='ocrx_word' id='word_1_236' title='bbox 739 1303 819 1335; x_wconf 83' lang='lat' dir='ltr'>Vide</span> <span class='ocrx_word' id='word_1_237' title='bbox 843 1301 1124 1347; x_wconf 83' lang='lat' dir='ltr'>Christophornm</span> <span class='ocrx_word' id='word_1_238' title='bbox 1142 1302 1323 1346; x_wconf 81' lang='lat' dir='ltr'>Pelargum</span> <span class='ocrx_word' id='word_1_239' title='bbox 1342 1301 1540 1347; x_wconf 82' lang='lat' dir='ltr'>theologum</span> <span class='ocrx_word' id='word_1_240' title='bbox 1557 1313 1626 1336; x_wconf 91' lang='lat' dir='ltr'>non</span> <span class='ocrx_word' id='word_1_241' title='bbox 1642 1302 1798 1347; x_wconf 84' lang='lat' dir='ltr'>vulgaris</span> <span class='ocrx_word' id='word_1_242' title='bbox 1815 1302 1926 1337; x_wconf 85' lang='lat' dir='ltr'>erudi-</span> 
     </span>
     <span class='ocr_line' id='line_1_25' title="bbox 383 1315 1225 1392; baseline -0.002 -9"><span class='ocrx_word' id='word_1_243' title='bbox 383 1349 486 1383; x_wconf 82' lang='lat' dir='ltr'>tionis</span> <span class='ocrx_word' id='word_1_244' title='bbox 505 1349 536 1382; x_wconf 93' lang='lat' dir='ltr'>in</span> <span class='ocrx_word' id='word_1_245' title='bbox 558 1315 750 1381; x_wconf 85' lang='lat' dir='ltr'>Iesuitismo</span> <span class='ocrx_word' id='word_1_246' title='bbox 769 1359 856 1381; x_wconf 84' lang='lat' dir='ltr'>novo</span> <span class='ocrx_word' id='word_1_247' title='bbox 876 1349 915 1381; x_wconf 87' lang='lat' dir='ltr'>de</span> <span class='ocrx_word' id='word_1_248' title='bbox 935 1349 1104 1392; x_wconf 85' lang='lat' dir='ltr'>baptismo</span> <span class='ocrx_word' id='word_1_249' title='bbox 1122 1359 1154 1392; x_wconf 90' lang='lat' dir='ltr'>p.</span> <span class='ocrx_word' id='word_1_250' title='bbox 1172 1347 1225 1381; x_wconf 69' lang='lat'>90.</span> 
     </span>
    </p>

    <p class='ocr_par' dir='ltr' id='par_1_3' title="bbox 382 1392 1928 1882">
     <span class='ocr_line' id='line_1_26' title="bbox 452 1392 1927 1438; baseline 0.001 -11"><span class='ocrx_word' id='word_1_251' title='bbox 452 1393 681 1438; x_wconf 83' lang='lat' dir='ltr'>Baptizandus</span> <span class='ocrx_word' id='word_1_252' title='bbox 700 1393 879 1427; x_wconf 86' lang='lat' dir='ltr'>confitetur</span> <span class='ocrx_word' id='word_1_253' title='bbox 896 1393 996 1426; x_wconf 85' lang='lat' dir='ltr'>fidem</span> <span class='ocrx_word' id='word_1_254' title='bbox 1017 1395 1130 1435; x_wconf 85' lang='lat' dir='ltr'>suam]</span> <span class='ocrx_word' id='word_1_255' title='bbox 1174 1392 1270 1437; x_wconf 86' lang='lat' dir='ltr'>Apud</span> <span class='ocrx_word' id='word_1_256' title='bbox 1295 1392 1452 1437; x_wconf 87' lang='lat' dir='ltr'>antiquos</span> <span class='ocrx_word' id='word_1_257' title='bbox 1471 1393 1616 1437; x_wconf 78' lang='lat' dir='ltr'>gratiam</span> <span class='ocrx_word' id='word_1_258' title='bbox 1634 1393 1797 1438; x_wconf 87' lang='lat' dir='ltr'>baptismi</span> <span class='ocrx_word' id='word_1_259' title='bbox 1813 1403 1927 1428; x_wconf 84' lang='lat' dir='ltr'>susce-</span> 
     </span>
     <span class='ocr_line' id='line_1_27' title="bbox 382 1437 1926 1485; baseline 0.001 -13"><span class='ocrx_word' id='word_1_260' title='bbox 382 1441 482 1485; x_wconf 83' lang='lat' dir='ltr'>pturi,</span> <span class='ocrx_word' id='word_1_261' title='bbox 500 1440 633 1483; x_wconf 84' lang='lat' dir='ltr'>publice</span> <span class='ocrx_word' id='word_1_262' title='bbox 652 1439 801 1472; x_wconf 77' lang='lat' dir='ltr'>fidelium</span> <span class='ocrx_word' id='word_1_263' title='bbox 819 1439 944 1484; x_wconf 88' lang='lat' dir='ltr'>populo</span> <span class='ocrx_word' id='word_1_264' title='bbox 963 1439 1132 1478; x_wconf 85' lang='lat' dir='ltr'>audiente,</span> <span class='ocrx_word' id='word_1_265' title='bbox 1151 1438 1344 1482; x_wconf 76' lang='lat' dir='ltr'>symbolum</span> <span class='ocrx_word' id='word_1_266' title='bbox 1363 1438 1559 1473; x_wconf 82' lang='lat' dir='ltr'>reddebant.</span> <span class='ocrx_word' id='word_1_267' title='bbox 1585 1437 1744 1472; x_wconf 86' lang='lat' dir='ltr'>Rusfinus</span> <span class='ocrx_word' id='word_1_268' title='bbox 1759 1438 1795 1472; x_wconf 93' lang='lat' dir='ltr'>in</span> <span class='ocrx_word' id='word_1_269' title='bbox 1808 1449 1926 1484; x_wconf 82' lang='lat' dir='ltr'>expos.</span> 
     </span>
     <span class='ocr_line' id='line_1_28' title="bbox 384 1483 1927 1529; baseline 0 -11"><span class='ocrx_word' id='word_1_270' title='bbox 384 1485 532 1528; x_wconf 73' lang='lat' dir='ltr'>symboli</span> <span class='ocrx_word' id='word_1_271' title='bbox 549 1485 734 1529; x_wconf 79' lang='lat' dir='ltr'>apostolor.</span> <span class='ocrx_word' id='word_1_272' title='bbox 760 1485 817 1518; x_wconf 78' lang='lat' dir='ltr'>fol.</span> <span class='ocrx_word' id='word_1_273' title='bbox 839 1484 891 1518; x_wconf 74' lang='lat'>74.</span> <span class='ocrx_word' id='word_1_274' title='bbox 920 1484 1008 1528; x_wconf 90' lang='lat' dir='ltr'>apud</span> <span class='ocrx_word' id='word_1_275' title='bbox 1033 1484 1227 1528; x_wconf 74' lang='lat' dir='ltr'>Hieronym.</span> <span class='ocrx_word' id='word_1_276' title='bbox 1251 1488 1333 1516; x_wconf 79' lang='lat' dir='ltr'>toni.</span> <span class='ocrx_word' id='word_1_277' title='bbox 1352 1483 1410 1517; x_wconf 93' lang='lat' dir='ltr'>IX.</span> <span class='ocrx_word' id='word_1_278' title='bbox 1453 1484 1652 1517; x_wconf 85' lang='lat' dir='ltr'>Ambrosius</span> <span class='ocrx_word' id='word_1_279' title='bbox 1675 1484 1710 1517; x_wconf 89' lang='lat' dir='ltr'>in</span> <span class='ocrx_word' id='word_1_280' title='bbox 1727 1484 1853 1518; x_wconf 87' lang='lat' dir='ltr'>Lucam</span> <span class='ocrx_word' id='word_1_281' title='bbox 1870 1485 1927 1519; x_wconf 91' lang='lat' dir='ltr'>lib.</span> 
     </span>
     <span class='ocr_line' id='line_1_29' title="bbox 384 1528 1927 1575; baseline 0.001 -12"><span class='ocrx_word' id='word_1_282' title='bbox 384 1530 470 1564; x_wconf 88' lang='lat' dir='ltr'>VIII.</span> <span class='ocrx_word' id='word_1_283' title='bbox 489 1541 560 1575; x_wconf 83' lang='lat' dir='ltr'>cap.</span> <span class='ocrx_word' id='word_1_284' title='bbox 580 1529 703 1563; x_wconf 82' lang='lat' dir='ltr'>XVIII.</span> <span class='ocrx_word' id='word_1_285' title='bbox 722 1530 952 1563; x_wconf 78' lang='lat' dir='ltr'>Tertullianus</span> <span class='ocrx_word' id='word_1_286' title='bbox 972 1530 1011 1562; x_wconf 89' lang='lat' dir='ltr'>de</span> <span class='ocrx_word' id='word_1_287' title='bbox 1031 1530 1070 1562; x_wconf 85' lang='lat' dir='ltr'>ba</span> <span class='ocrx_word' id='word_1_288' title='bbox 1085 1530 1198 1562; x_wconf 77' lang='lat' dir='ltr'>›tismo</span> <span class='ocrx_word' id='word_1_289' title='bbox 1217 1539 1289 1574; x_wconf 87' lang='lat' dir='ltr'>cap.</span> <span class='ocrx_word' id='word_1_290' title='bbox 1307 1528 1389 1564; x_wconf 88' lang='lat' dir='ltr'>XX.</span> <span class='ocrx_word' id='word_1_291' title='bbox 1409 1529 1615 1564; x_wconf 86' lang='lat' dir='ltr'>Nazianzen.</span> <span class='ocrx_word' id='word_1_292' title='bbox 1641 1529 1675 1563; x_wconf 90' lang='lat' dir='ltr'>in</span> <span class='ocrx_word' id='word_1_293' title='bbox 1693 1540 1720 1564; x_wconf 81' lang='lat' dir='ltr'>S.</span> <span class='ocrx_word' id='word_1_294' title='bbox 1745 1529 1927 1574; x_wconf 83' lang='lat' dir='ltr'>baptisma.</span> 
     </span>
     <span class='ocr_line' id='line_1_30' title="bbox 385 1573 1928 1620; baseline 0 -11"><span class='ocrx_word' id='word_1_295' title='bbox 385 1581 418 1609; x_wconf 85' lang='lat' dir='ltr'>et</span> <span class='ocrx_word' id='word_1_296' title='bbox 435 1575 475 1609; x_wconf 90' lang='lat' dir='ltr'>de</span> <span class='ocrx_word' id='word_1_297' title='bbox 493 1575 662 1620; x_wconf 74' lang='lat' dir='ltr'>Cypriano</span> <span class='ocrx_word' id='word_1_298' title='bbox 682 1581 765 1608; x_wconf 90' lang='lat' dir='ltr'>orat.</span> <span class='ocrx_word' id='word_1_299' title='bbox 783 1574 907 1609; x_wconf 84' lang='lat' dir='ltr'>XVIII.</span> <span class='ocrx_word' id='word_1_300' title='bbox 927 1574 1055 1608; x_wconf 82' lang='lat' dir='ltr'>Concil.</span> <span class='ocrx_word' id='word_1_301' title='bbox 1102 1575 1303 1608; x_wconf 88' lang='lat' dir='ltr'>aodiceuum</span> <span class='ocrx_word' id='word_1_302' title='bbox 1320 1585 1393 1619; x_wconf 87' lang='lat' dir='ltr'>cap.</span> <span class='ocrx_word' id='word_1_303' title='bbox 1412 1574 1531 1608; x_wconf 83' lang='lat' dir='ltr'>XLVI.</span> <span class='ocrx_word' id='word_1_304' title='bbox 1555 1575 1725 1608; x_wconf 89' lang='lat' dir='ltr'>Martinus</span> <span class='ocrx_word' id='word_1_305' title='bbox 1742 1573 1928 1609; x_wconf 89' lang='lat' dir='ltr'>Bracaren-</span> 
     </span>
     <span class='ocr_line' id='line_1_31' title="bbox 385 1618 1926 1665; baseline 0 -11"><span class='ocrx_word' id='word_1_306' title='bbox 385 1622 432 1655; x_wconf 88' lang='lat' dir='ltr'>sis</span> <span class='ocrx_word' id='word_1_307' title='bbox 450 1623 598 1665; x_wconf 81' lang='lat' dir='ltr'>episcop.</span> <span class='ocrx_word' id='word_1_308' title='bbox 619 1621 652 1653; x_wconf 87' lang='lat' dir='ltr'>in</span> <span class='ocrx_word' id='word_1_309' title='bbox 672 1621 840 1665; x_wconf 82' lang='lat' dir='ltr'>excerptis</span> <span class='ocrx_word' id='word_1_310' title='bbox 859 1621 959 1665; x_wconf 83' lang='lat' dir='ltr'>capit.</span> <span class='ocrx_word' id='word_1_311' title='bbox 981 1619 1200 1654; x_wconf 87' lang='lat' dir='ltr'>Graecorum.</span> <span class='ocrx_word' id='word_1_312' title='bbox 1218 1626 1300 1653; x_wconf 89' lang='lat' dir='ltr'>tom.</span> <span class='ocrx_word' id='word_1_313' title='bbox 1318 1619 1358 1654; x_wconf 94' lang='lat' dir='ltr'>II.</span> <span class='ocrx_word' id='word_1_314' title='bbox 1385 1618 1513 1654; x_wconf 83' lang='lat' dir='ltr'>Concil.</span> <span class='ocrx_word' id='word_1_315' title='bbox 1537 1630 1609 1665; x_wconf 90' lang='lat' dir='ltr'>cap.</span> <span class='ocrx_word' id='word_1_316' title='bbox 1626 1619 1750 1654; x_wconf 89' lang='lat' dir='ltr'>XLIX.</span> <span class='ocrx_word' id='word_1_317' title='bbox 1775 1620 1834 1654; x_wconf 87' lang='lat' dir='ltr'>fol.</span> <span class='ocrx_word' id='word_1_318' title='bbox 1851 1619 1926 1655; x_wconf 83' lang='lat'>226.</span> 
     </span>
     <span class='ocr_line' id='line_1_32' title="bbox 386 1664 1928 1710; baseline -0.001 -10"><span class='ocrx_word' id='word_1_319' title='bbox 386 1666 532 1710; x_wconf 69' lang='lat' dir='ltr'>Cyrinus</span> <span class='ocrx_word' id='word_1_320' title='bbox 555 1666 808 1699; x_wconf 79' lang='lat' dir='ltr'>Alexandrinus</span> <span class='ocrx_word' id='word_1_321' title='bbox 834 1671 951 1699; x_wconf 87' lang='lat' dir='ltr'>contra</span> <span class='ocrx_word' id='word_1_322' title='bbox 974 1665 1144 1699; x_wconf 87' lang='lat' dir='ltr'>Iulianum</span> <span class='ocrx_word' id='word_1_323' title='bbox 1162 1665 1246 1710; x_wconf 87' lang='lat' dir='ltr'>Imp.</span> <span class='ocrx_word' id='word_1_324' title='bbox 1267 1665 1322 1698; x_wconf 93' lang='lat' dir='ltr'>lib.</span> <span class='ocrx_word' id='word_1_325' title='bbox 1340 1664 1412 1699; x_wconf 89' lang='lat' dir='ltr'>VII.</span> <span class='ocrx_word' id='word_1_326' title='bbox 1430 1665 1489 1700; x_wconf 85' lang='lat' dir='ltr'>fol.</span> <span class='ocrx_word' id='word_1_327' title='bbox 1512 1664 1584 1699; x_wconf 76' lang='lat'>172.</span> <span class='ocrx_word' id='word_1_328' title='bbox 1617 1664 1764 1700; x_wconf 81' lang='lat' dir='ltr'>Severus</span> <span class='ocrx_word' id='word_1_329' title='bbox 1779 1666 1928 1699; x_wconf 80' lang='lat' dir='ltr'>Alexan-</span> 
     </span>
     <span class='ocr_line' id='line_1_33' title="bbox 385 1710 1928 1756; baseline 0 -11"><span class='ocrx_word' id='word_1_330' title='bbox 385 1712 500 1745; x_wconf 87' lang='lat' dir='ltr'>drinus</span> <span class='ocrx_word' id='word_1_331' title='bbox 519 1711 559 1745; x_wconf 93' lang='lat' dir='ltr'>de</span> <span class='ocrx_word' id='word_1_332' title='bbox 576 1712 697 1745; x_wconf 88' lang='lat' dir='ltr'>ritibus</span> <span class='ocrx_word' id='word_1_333' title='bbox 717 1711 875 1756; x_wconf 86' lang='lat' dir='ltr'>baptismi</span> <span class='ocrx_word' id='word_1_334' title='bbox 899 1711 956 1745; x_wconf 89' lang='lat' dir='ltr'>fol.</span> <span class='ocrx_word' id='word_1_335' title='bbox 974 1711 1026 1745; x_wconf 79' lang='lat'>54.</span> <span class='ocrx_word' id='word_1_336' title='bbox 1060 1710 1153 1744; x_wconf 88' lang='lat' dir='ltr'>Beda</span> <span class='ocrx_word' id='word_1_337' title='bbox 1170 1711 1202 1744; x_wconf 92' lang='lat' dir='ltr'>in</span> <span class='ocrx_word' id='word_1_338' title='bbox 1222 1711 1375 1744; x_wconf 89' lang='lat' dir='ltr'>Marcum</span> <span class='ocrx_word' id='word_1_339' title='bbox 1393 1711 1450 1745; x_wconf 89' lang='lat' dir='ltr'>lib.</span> <span class='ocrx_word' id='word_1_340' title='bbox 1468 1711 1493 1745; x_wconf 96' lang='lat' dir='ltr'>I.</span> <span class='ocrx_word' id='word_1_341' title='bbox 1512 1721 1585 1755; x_wconf 91' lang='lat' dir='ltr'>cap.</span> <span class='ocrx_word' id='word_1_342' title='bbox 1602 1710 1627 1745; x_wconf 93' lang='lat' dir='ltr'>I.</span> <span class='ocrx_word' id='word_1_343' title='bbox 1659 1710 1716 1745; x_wconf 88' lang='lat' dir='ltr'>Sic</span> <span class='ocrx_word' id='word_1_344' title='bbox 1733 1711 1928 1745; x_wconf 87' lang='lat' dir='ltr'>Victorinus</span> 
     </span>
     <span class='ocr_line' id='line_1_34' title="bbox 385 1755 1928 1802; baseline 0 -11"><span class='ocrx_word' id='word_1_345' title='bbox 385 1756 498 1791; x_wconf 83' lang='lat' dir='ltr'>rhetor</span> <span class='ocrx_word' id='word_1_346' title='bbox 515 1758 734 1798; x_wconf 63' lang='lat' dir='ltr'>ingressurus</span> <span class='ocrx_word' id='word_1_347' title='bbox 752 1757 960 1801; x_wconf 85' lang='lat' dir='ltr'>baptismum</span> <span class='ocrx_word' id='word_1_348' title='bbox 978 1757 1173 1790; x_wconf 85' lang='lat' dir='ltr'>memoriter</span> <span class='ocrx_word' id='word_1_349' title='bbox 1190 1755 1230 1789; x_wconf 87' lang='lat' dir='ltr'>de</span> <span class='ocrx_word' id='word_1_350' title='bbox 1248 1756 1323 1790; x_wconf 91' lang='lat' dir='ltr'>loco</span> <span class='ocrx_word' id='word_1_351' title='bbox 1342 1756 1564 1790; x_wconf 85' lang='lat' dir='ltr'>eminentiore</span> <span class='ocrx_word' id='word_1_352' title='bbox 1586 1757 1621 1790; x_wconf 88' lang='lat' dir='ltr'>in</span> <span class='ocrx_word' id='word_1_353' title='bbox 1646 1760 1830 1802; x_wconf 87' lang='lat' dir='ltr'>conspectu</span> <span class='ocrx_word' id='word_1_354' title='bbox 1851 1767 1928 1791; x_wconf 90' lang='lat' dir='ltr'>sau-</span> 
     </span>
     <span class='ocr_line' id='line_1_35' title="bbox 386 1801 1928 1881; baseline 0.001 -45"><span class='ocrx_word' id='word_1_355' title='bbox 386 1808 458 1836; x_wconf 85' lang='lat' dir='ltr'>ctae</span> <span class='ocrx_word' id='word_1_356' title='bbox 476 1802 712 1881; x_wconf 53' lang='lat' dir='ltr'>¹¹iu}titUdiUiS’</span> <span class='ocrx_word' id='word_1_357' title='bbox 732 1801 860 1836; x_wconf 87' lang='lat' dir='ltr'>Romae</span> <span class='ocrx_word' id='word_1_358' title='bbox 878 1801 981 1836; x_wconf 86' lang='lat' dir='ltr'>fidem</span> <span class='ocrx_word' id='word_1_359' title='bbox 999 1802 1178 1847; x_wconf 86' lang='lat' dir='ltr'>profitetur</span> <span class='ocrx_word' id='word_1_360' title='bbox 1194 1812 1303 1835; x_wconf 89' lang='lat' dir='ltr'>suam.</span> <span class='ocrx_word' id='word_1_361' title='bbox 1335 1802 1519 1847; x_wconf 85' lang='lat' dir='ltr'>Augustin.</span> <span class='ocrx_word' id='word_1_362' title='bbox 1538 1801 1742 1837; x_wconf 85' lang='lat' dir='ltr'>confession.</span> <span class='ocrx_word' id='word_1_363' title='bbox 1766 1802 1825 1836; x_wconf 91' lang='lat' dir='ltr'>lib.</span> <span class='ocrx_word' id='word_1_364' title='bbox 1840 1801 1928 1837; x_wconf 87' lang='lat' dir='ltr'>VIII.</span> 
     </span>
     <span class='ocr_line' id='line_1_36' title="bbox 386 1848 667 1882; baseline -0.004 0"><span class='ocrx_word' id='word_1_365' title='bbox 386 1858 459 1882; x_wconf 85' lang='lat' dir='ltr'>ca›.</span> <span class='ocrx_word' id='word_1_366' title='bbox 481 1848 519 1882; x_wconf 89' lang='lat' dir='ltr'>I.</span> <span class='ocrx_word' id='word_1_367' title='bbox 552 1848 594 1881; x_wconf 91' lang='lat' dir='ltr'>ol.</span> <span class='ocrx_word' id='word_1_368' title='bbox 615 1848 667 1881; x_wconf 70' lang='lat'>99.</span> 
     </span>
    </p>

    <p class='ocr_par' dir='ltr' id='par_1_4' title="bbox 385 1860 1929 2120">
     <span class='ocr_line' id='line_1_37' title="bbox 428 1860 1928 1938; baseline 0.001 -12"><span class='ocrx_word' id='word_1_369' title='bbox 428 1860 438 1893; x_wconf 56' lang='lat' dir='ltr'>l</span> <span class='ocrx_word' id='word_1_370' title='bbox 454 1892 524 1937; x_wconf 86' lang='lat' dir='ltr'>Cap</span> <span class='ocrx_word' id='word_1_371' title='bbox 555 1891 694 1926; x_wconf 85' lang='lat' dir='ltr'>LXXV.</span> <span class='ocrx_word' id='word_1_372' title='bbox 713 1912 756 1917; x_wconf 81' lang='lat'>-</span> <span class='ocrx_word' id='word_1_373' title='bbox 772 1892 810 1926; x_wconf 89' lang='lat' dir='ltr'>In</span> <span class='ocrx_word' id='word_1_374' title='bbox 828 1892 1035 1926; x_wconf 80' lang='lat' dir='ltr'>eucharistia</span> <span class='ocrx_word' id='word_1_375' title='bbox 1051 1903 1120 1926; x_wconf 88' lang='lat' dir='ltr'>non</span> <span class='ocrx_word' id='word_1_376' title='bbox 1139 1892 1239 1926; x_wconf 81' lang='lat' dir='ltr'>debet</span> <span class='ocrx_word' id='word_1_377' title='bbox 1254 1903 1340 1938; x_wconf 87' lang='lat' dir='ltr'>pura</span> <span class='ocrx_word' id='word_1_378' title='bbox 1356 1902 1447 1937; x_wconf 89' lang='lat' dir='ltr'>aqua</span> <span class='ocrx_word' id='word_1_379' title='bbox 1464 1891 1590 1935; x_wconf 84' lang='lat' dir='ltr'>offerri]</span> <span class='ocrx_word' id='word_1_380' title='bbox 1631 1891 1854 1927; x_wconf 49' lang='lat' dir='ltr'>In‘sacrificio</span> <span class='ocrx_word' id='word_1_381' title='bbox 1872 1903 1928 1927; x_wconf 85' lang='lat' dir='ltr'>eu-</span> 
     </span>
     <span class='ocr_line' id='line_1_38' title="bbox 387 1937 1929 1984; baseline 0 -12"><span class='ocrx_word' id='word_1_382' title='bbox 387 1937 566 1972; x_wconf 85' lang='lat' dir='ltr'>charistiae</span> <span class='ocrx_word' id='word_1_383' title='bbox 583 1939 655 1972; x_wconf 88' lang='lat' dir='ltr'>sola</span> <span class='ocrx_word' id='word_1_384' title='bbox 673 1949 762 1983; x_wconf 91' lang='lat' dir='ltr'>aqua</span> <span class='ocrx_word' id='word_1_385' title='bbox 780 1939 964 1972; x_wconf 86' lang='lat' dir='ltr'>utebantur</span> <span class='ocrx_word' id='word_1_386' title='bbox 982 1937 1274 1984; x_wconf 73' lang='grc' dir='ltr'>ὑδροπαραστὰται,</span> <span class='ocrx_word' id='word_1_387' title='bbox 1317 1949 1380 1972; x_wconf 92' lang='lat' dir='ltr'>uos</span> <span class='ocrx_word' id='word_1_388' title='bbox 1398 1938 1538 1971; x_wconf 87' lang='lat' dir='ltr'>damnat</span> <span class='ocrx_word' id='word_1_389' title='bbox 1555 1937 1746 1983; x_wconf 85' lang='lat' dir='ltr'>Cyprianus</span> <span class='ocrx_word' id='word_1_390' title='bbox 1759 1938 1802 1972; x_wconf 84' lang='lat' dir='ltr'>ad</span> <span class='ocrx_word' id='word_1_391' title='bbox 1815 1937 1929 1973; x_wconf 88' lang='lat' dir='ltr'>Caeci-</span> 
     </span>
     <span class='ocr_line' id='line_1_39' title="bbox 385 1983 1929 2029; baseline 0 -11"><span class='ocrx_word' id='word_1_392' title='bbox 385 1984 470 2018; x_wconf 87' lang='lat' dir='ltr'>lium</span> <span class='ocrx_word' id='word_1_393' title='bbox 487 1985 584 2018; x_wconf 65' lang='grc'><strong>91131.</strong></span> <span class='ocrx_word' id='word_1_394' title='bbox 603 1983 723 2017; x_wconf 83' lang='lat' dir='ltr'>LXIII.</span> <span class='ocrx_word' id='word_1_395' title='bbox 748 1984 806 2017; x_wconf 87' lang='lat' dir='ltr'>fol.</span> <span class='ocrx_word' id='word_1_396' title='bbox 831 1983 888 2017; x_wconf 76' lang='lat'>131</span> <span class='ocrx_word' id='word_1_397' title='bbox 909 1990 941 2017; x_wconf 89' lang='lat' dir='ltr'>et</span> <span class='ocrx_word' id='word_1_398' title='bbox 958 1995 1029 2029; x_wconf 91' lang='lat' dir='ltr'>seq.</span> <span class='ocrx_word' id='word_1_399' title='bbox 1071 1983 1283 2028; x_wconf 83' lang='lat' dir='ltr'>Epiphanius</span> <span class='ocrx_word' id='word_1_400' title='bbox 1332 1994 1438 2018; x_wconf 90' lang='lat' dir='ltr'>aeres.</span> <span class='ocrx_word' id='word_1_401' title='bbox 1458 1983 1576 2017; x_wconf 90' lang='lat' dir='ltr'>XLVI.</span> <span class='ocrx_word' id='word_1_402' title='bbox 1602 1988 1636 2017; x_wconf 87' lang='lat' dir='ltr'>et</span> <span class='ocrx_word' id='word_1_403' title='bbox 1650 1983 1786 2018; x_wconf 90' lang='lat' dir='ltr'>XLVII.</span> <span class='ocrx_word' id='word_1_404' title='bbox 1818 1983 1929 2018; x_wconf 89' lang='lat' dir='ltr'>Phila-</span> 
     </span>
     <span class='ocr_line' id='line_1_40' title="bbox 387 1995 1928 2076; baseline 0.001 -14"><span class='ocrx_word' id='word_1_405' title='bbox 387 2030 488 2063; x_wconf 84' lang='lat' dir='ltr'>strius</span> <span class='ocrx_word' id='word_1_406' title='bbox 506 1995 635 2062; x_wconf 73' lang='lat' dir='ltr'>Iiaeres.</span> <span class='ocrx_word' id='word_1_407' title='bbox 654 2029 826 2062; x_wconf 78' lang='lat' dir='ltr'>LXXVII.</span> <span class='ocrx_word' id='word_1_408' title='bbox 847 2028 1001 2074; x_wconf 83' lang='lat' dir='ltr'>Epitome</span> <span class='ocrx_word' id='word_1_409' title='bbox 1020 2029 1054 2064; x_wconf 80' lang='lat' dir='ltr'>S.</span> <span class='ocrx_word' id='word_1_410' title='bbox 1069 2028 1197 2063; x_wconf 85' lang='lat' dir='ltr'>Canon.</span> <span class='ocrx_word' id='word_1_411' title='bbox 1214 2029 1272 2062; x_wconf 87' lang='lat' dir='ltr'>fol.</span> <span class='ocrx_word' id='word_1_412' title='bbox 1287 2028 1334 2063; x_wconf 81' lang='lat'>18.</span> <span class='ocrx_word' id='word_1_413' title='bbox 1355 2029 1518 2063; x_wconf 83' lang='lat' dir='ltr'>Rabanus</span> <span class='ocrx_word' id='word_1_414' title='bbox 1531 2029 1671 2063; x_wconf 89' lang='lat' dir='ltr'>Maurus</span> <span class='ocrx_word' id='word_1_415' title='bbox 1686 2028 1928 2076; x_wconf 85' lang='lat' dir='ltr'>archiepiscop.</span> 
     </span>
     <span class='ocr_line' id='line_1_41' title="bbox 386 2074 1341 2120; baseline 0 -12"><span class='ocrx_word' id='word_1_416' title='bbox 386 2075 639 2117; x_wconf 66' lang='lat' dir='ltr'>Moguntiensis</span> <span class='ocrx_word' id='word_1_417' title='bbox 657 2074 697 2107; x_wconf 90' lang='lat' dir='ltr'>de</span> <span class='ocrx_word' id='word_1_418' title='bbox 716 2075 872 2119; x_wconf 79' lang='lat' dir='ltr'>propriet.</span> <span class='ocrx_word' id='word_1_419' title='bbox 891 2086 1038 2108; x_wconf 86' lang='lat' dir='ltr'>sermon.</span> <span class='ocrx_word' id='word_1_420' title='bbox 1057 2075 1114 2108; x_wconf 92' lang='lat' dir='ltr'>lib.</span> <span class='ocrx_word' id='word_1_421' title='bbox 1132 2074 1187 2108; x_wconf 90' lang='lat' dir='ltr'>IV.</span> <span class='ocrx_word' id='word_1_422' title='bbox 1205 2085 1279 2120; x_wconf 91' lang='lat' dir='ltr'>cap.</span> <span class='ocrx_word' id='word_1_423' title='bbox 1296 2075 1341 2109; x_wconf 92' lang='lat' dir='ltr'>X.</span> 
     </span>
    </p>

    <p class='ocr_par' dir='ltr' id='par_1_5' title="bbox 386 2119 1930 3070">
     <span class='ocr_line' id='line_1_42' title="bbox 455 2119 1929 2165; baseline 0 -11"><span class='ocrx_word' id='word_1_424' title='bbox 455 2119 520 2154; x_wconf 84' lang='lat' dir='ltr'>Sed</span> <span class='ocrx_word' id='word_1_425' title='bbox 539 2120 654 2153; x_wconf 86' lang='lat' dir='ltr'>vinum</span> <span class='ocrx_word' id='word_1_426' title='bbox 673 2130 749 2153; x_wconf 89' lang='lat' dir='ltr'>cum</span> <span class='ocrx_word' id='word_1_427' title='bbox 767 2131 856 2164; x_wconf 85' lang='lat' dir='ltr'>aqua</span> <span class='ocrx_word' id='word_1_428' title='bbox 874 2119 1034 2164; x_wconf 84' lang='lat' dir='ltr'>mixtum]</span> <span class='ocrx_word' id='word_1_429' title='bbox 1060 2120 1335 2165; x_wconf 87' lang='lat' dir='ltr'>Temperamenti</span> <span class='ocrx_word' id='word_1_430' title='bbox 1351 2123 1384 2154; x_wconf 86' lang='lat' dir='ltr'>et</span> <span class='ocrx_word' id='word_1_431' title='bbox 1399 2120 1499 2154; x_wconf 83' lang='lat' dir='ltr'>mixti</span> <span class='ocrx_word' id='word_1_432' title='bbox 1512 2120 1628 2154; x_wconf 90' lang='lat' dir='ltr'>calicis</span> <span class='ocrx_word' id='word_1_433' title='bbox 1640 2120 1870 2154; x_wconf 85' lang='lat' dir='ltr'>meminerunt</span> <span class='ocrx_word' id='word_1_434' title='bbox 1885 2130 1929 2155; x_wconf 87' lang='lat' dir='ltr'>ex</span> 
     </span>
     <span class='ocr_line' id='line_1_43' title="bbox 386 2165 1929 2210; baseline 0.001 -11"><span class='ocrx_word' id='word_1_435' title='bbox 386 2166 557 2200; x_wconf 83' lang='lat' dir='ltr'>veteribus</span> <span class='ocrx_word' id='word_1_436' title='bbox 575 2165 725 2198; x_wconf 88' lang='lat' dir='ltr'>Iustinus</span> <span class='ocrx_word' id='word_1_437' title='bbox 743 2166 873 2209; x_wconf 71' lang='lat' dir='ltr'>Martyr</span> <span class='ocrx_word' id='word_1_438' title='bbox 891 2166 1051 2210; x_wconf 80' lang='lat' dir='ltr'>apologia</span> <span class='ocrx_word' id='word_1_439' title='bbox 1068 2165 1107 2199; x_wconf 93' lang='lat' dir='ltr'>II.</span> <span class='ocrx_word' id='word_1_440' title='bbox 1125 2176 1185 2210; x_wconf 90' lang='lat' dir='ltr'>pro</span> <span class='ocrx_word' id='word_1_441' title='bbox 1204 2165 1385 2199; x_wconf 84' lang='lat' dir='ltr'>Christian.</span> <span class='ocrx_word' id='word_1_442' title='bbox 1402 2165 1460 2199; x_wconf 83' lang='lat' dir='ltr'>fol.</span> <span class='ocrx_word' id='word_1_443' title='bbox 1479 2165 1531 2199; x_wconf 83' lang='lat'>76.</span> <span class='ocrx_word' id='word_1_444' title='bbox 1549 2165 1602 2199; x_wconf 86' lang='lat'>77.</span> <span class='ocrx_word' id='word_1_445' title='bbox 1619 2165 1779 2200; x_wconf 88' lang='lat' dir='ltr'>Irenaeus</span> <span class='ocrx_word' id='word_1_446' title='bbox 1791 2165 1929 2210; x_wconf 82' lang='lat' dir='ltr'>Lugdu-</span> 
     </span>
     <span class='ocr_line' id='line_1_44' title="bbox 386 2210 1929 2256; baseline 0.001 -11"><span class='ocrx_word' id='word_1_447' title='bbox 386 2221 482 2245; x_wconf 84' lang='lat' dir='ltr'>nens.</span> <span class='ocrx_word' id='word_1_448' title='bbox 501 2211 650 2255; x_wconf 85' lang='lat' dir='ltr'>episcop.</span> <span class='ocrx_word' id='word_1_449' title='bbox 668 2215 785 2243; x_wconf 81' lang='lat' dir='ltr'>contra</span> <span class='ocrx_word' id='word_1_450' title='bbox 801 2210 932 2245; x_wconf 84' lang='lat' dir='ltr'>haeres.</span> <span class='ocrx_word' id='word_1_451' title='bbox 950 2211 1008 2245; x_wconf 86' lang='lat' dir='ltr'>lib.</span> <span class='ocrx_word' id='word_1_452' title='bbox 1029 2211 1083 2244; x_wconf 94' lang='lat' dir='ltr'>IV.</span> <span class='ocrx_word' id='word_1_453' title='bbox 1103 2221 1176 2256; x_wconf 87' lang='lat' dir='ltr'>cap.</span> <span class='ocrx_word' id='word_1_454' title='bbox 1195 2211 1295 2244; x_wconf 91' lang='lat' dir='ltr'>LVII.</span> <span class='ocrx_word' id='word_1_455' title='bbox 1312 2211 1370 2244; x_wconf 91' lang='lat' dir='ltr'>lib.</span> <span class='ocrx_word' id='word_1_456' title='bbox 1389 2211 1427 2246; x_wconf 93' lang='lat' dir='ltr'>V.</span> <span class='ocrx_word' id='word_1_457' title='bbox 1445 2221 1519 2256; x_wconf 89' lang='lat' dir='ltr'>cap.</span> <span class='ocrx_word' id='word_1_458' title='bbox 1534 2211 1558 2246; x_wconf 95' lang='lat' dir='ltr'>I.</span> <span class='ocrx_word' id='word_1_459' title='bbox 1577 2210 1734 2245; x_wconf 85' lang='lat' dir='ltr'>Clemens</span> <span class='ocrx_word' id='word_1_460' title='bbox 1748 2210 1929 2247; x_wconf 85' lang='lat' dir='ltr'>Constitut.</span> 
     </span>
     <span class='ocr_line' id='line_1_45' title="bbox 388 2255 1930 2301; baseline 0.001 -11"><span class='ocrx_word' id='word_1_461' title='bbox 388 2257 533 2301; x_wconf 88' lang='lat' dir='ltr'>apostol.</span> <span class='ocrx_word' id='word_1_462' title='bbox 551 2256 608 2289; x_wconf 91' lang='lat' dir='ltr'>lib.</span> <span class='ocrx_word' id='word_1_463' title='bbox 628 2255 714 2289; x_wconf 82' lang='lat' dir='ltr'>VIII.</span> <span class='ocrx_word' id='word_1_464' title='bbox 733 2266 804 2300; x_wconf 87' lang='lat' dir='ltr'>cap.</span> <span class='ocrx_word' id='word_1_465' title='bbox 823 2256 898 2289; x_wconf 86' lang='lat' dir='ltr'>XII.</span> <span class='ocrx_word' id='word_1_466' title='bbox 924 2255 1111 2300; x_wconf 66' lang='grc' dir='ltr'>Λειτουργίαι</span> <span class='ocrx_word' id='word_1_467' title='bbox 1129 2267 1231 2301; x_wconf 88' lang='lat' dir='ltr'>quam</span> <span class='ocrx_word' id='word_1_468' title='bbox 1250 2256 1285 2291; x_wconf 88' lang='lat' dir='ltr'>S.</span> <span class='ocrx_word' id='word_1_469' title='bbox 1304 2256 1429 2290; x_wconf 91' lang='lat' dir='ltr'>Iacobo</span> <span class='ocrx_word' id='word_1_470' title='bbox 1447 2256 1644 2290; x_wconf 89' lang='lat' dir='ltr'>adscribunt</span> <span class='ocrx_word' id='word_1_471' title='bbox 1665 2256 1724 2290; x_wconf 86' lang='lat' dir='ltr'>fol.</span> <span class='ocrx_word' id='word_1_472' title='bbox 1741 2256 1795 2290; x_wconf 78' lang='lat'>24.</span> <span class='ocrx_word' id='word_1_473' title='bbox 1823 2257 1930 2291; x_wconf 91' lang='lat' dir='ltr'>Autor</span> 
     </span>
     <span class='ocr_line' id='line_1_46' title="bbox 387 2300 1929 2346; baseline 0.001 -11"><span class='ocrx_word' id='word_1_474' title='bbox 387 2301 503 2340; x_wconf 83' lang='lat' dir='ltr'>homil.</span> <span class='ocrx_word' id='word_1_475' title='bbox 522 2301 562 2334; x_wconf 88' lang='lat' dir='ltr'>de</span> <span class='ocrx_word' id='word_1_476' title='bbox 580 2311 719 2345; x_wconf 88' lang='lat' dir='ltr'>corpore</span> <span class='ocrx_word' id='word_1_477' title='bbox 737 2306 770 2334; x_wconf 86' lang='lat' dir='ltr'>et</span> <span class='ocrx_word' id='word_1_478' title='bbox 786 2302 954 2343; x_wconf 70' lang='lat' dir='ltr'>sanguine</span> <span class='ocrx_word' id='word_1_479' title='bbox 973 2301 1112 2342; x_wconf 81' lang='lat' dir='ltr'>domini,</span> <span class='ocrx_word' id='word_1_480' title='bbox 1130 2301 1218 2346; x_wconf 86' lang='lat' dir='ltr'>apud</span> <span class='ocrx_word' id='word_1_481' title='bbox 1232 2302 1427 2345; x_wconf 77' lang='lat' dir='ltr'>Hieronym.</span> <span class='ocrx_word' id='word_1_482' title='bbox 1445 2306 1528 2337; x_wconf 86' lang='lat' dir='ltr'>tom.</span> <span class='ocrx_word' id='word_1_483' title='bbox 1543 2302 1605 2336; x_wconf 89' lang='lat' dir='ltr'>IX.</span> <span class='ocrx_word' id='word_1_484' title='bbox 1620 2301 1679 2335; x_wconf 86' lang='lat' dir='ltr'>fol.</span> <span class='ocrx_word' id='word_1_485' title='bbox 1693 2300 1769 2336; x_wconf 81' lang='lat'>248.</span> <span class='ocrx_word' id='word_1_486' title='bbox 1786 2301 1929 2336; x_wconf 87' lang='lat' dir='ltr'>Ambro-</span> 
     </span>
     <span class='ocr_line' id='line_1_47' title="bbox 388 2346 1928 2392; baseline 0 -11"><span class='ocrx_word' id='word_1_487' title='bbox 388 2348 460 2381; x_wconf 88' lang='lat' dir='ltr'>sius</span> <span class='ocrx_word' id='word_1_488' title='bbox 478 2346 518 2380; x_wconf 90' lang='lat' dir='ltr'>de</span> <span class='ocrx_word' id='word_1_489' title='bbox 535 2351 735 2380; x_wconf 75' lang='lat' dir='ltr'>sacrament.</span> <span class='ocrx_word' id='word_1_490' title='bbox 755 2347 810 2380; x_wconf 85' lang='lat' dir='ltr'>lib.</span> <span class='ocrx_word' id='word_1_491' title='bbox 832 2347 867 2381; x_wconf 88' lang='lat' dir='ltr'>V.</span> <span class='ocrx_word' id='word_1_492' title='bbox 886 2357 957 2391; x_wconf 86' lang='lat' dir='ltr'>cap.</span> <span class='ocrx_word' id='word_1_493' title='bbox 976 2346 999 2380; x_wconf 93' lang='lat' dir='ltr'>I.</span> <span class='ocrx_word' id='word_1_494' title='bbox 1024 2348 1131 2379; x_wconf 88' lang='lat' dir='ltr'>Autor</span> <span class='ocrx_word' id='word_1_495' title='bbox 1149 2347 1391 2381; x_wconf 87' lang='lat' dir='ltr'>Commentarii</span> <span class='ocrx_word' id='word_1_496' title='bbox 1406 2348 1442 2380; x_wconf 90' lang='lat' dir='ltr'>in</span> <span class='ocrx_word' id='word_1_497' title='bbox 1456 2348 1610 2381; x_wconf 89' lang='lat' dir='ltr'>Marcum</span> <span class='ocrx_word' id='word_1_498' title='bbox 1628 2357 1700 2392; x_wconf 89' lang='lat' dir='ltr'>cap.</span> <span class='ocrx_word' id='word_1_499' title='bbox 1714 2346 1806 2381; x_wconf 88' lang='lat' dir='ltr'>XIV.</span> <span class='ocrx_word' id='word_1_500' title='bbox 1822 2347 1928 2381; x_wconf 89' lang='lat' dir='ltr'>Iulius</span> 
     </span>
     <span class='ocr_line' id='line_1_48' title="bbox 387 2391 1928 2438; baseline 0 -12"><span class='ocrx_word' id='word_1_501' title='bbox 387 2391 450 2426; x_wconf 88' lang='lat' dir='ltr'>PP.</span> <span class='ocrx_word' id='word_1_502' title='bbox 474 2393 499 2425; x_wconf 94' lang='grc'><strong>1.</strong></span> <span class='ocrx_word' id='word_1_503' title='bbox 517 2392 551 2425; x_wconf 90' lang='lat' dir='ltr'>in</span> <span class='ocrx_word' id='word_1_504' title='bbox 570 2391 693 2426; x_wconf 88' lang='lat' dir='ltr'>decret.</span> <span class='ocrx_word' id='word_1_505' title='bbox 713 2397 794 2425; x_wconf 86' lang='lat' dir='ltr'>tom.</span> <span class='ocrx_word' id='word_1_506' title='bbox 812 2391 836 2426; x_wconf 90' lang='grc' dir='ltr'>Ι.</span> <span class='ocrx_word' id='word_1_507' title='bbox 857 2391 984 2425; x_wconf 83' lang='lat' dir='ltr'>Concil.</span> <span class='ocrx_word' id='word_1_508' title='bbox 1003 2402 1075 2436; x_wconf 87' lang='lat' dir='ltr'>cap.</span> <span class='ocrx_word' id='word_1_509' title='bbox 1093 2392 1164 2425; x_wconf 86' lang='lat' dir='ltr'>VII.</span> <span class='ocrx_word' id='word_1_510' title='bbox 1191 2393 1359 2426; x_wconf 85' lang='lat' dir='ltr'>Martinus</span> <span class='ocrx_word' id='word_1_511' title='bbox 1378 2392 1575 2426; x_wconf 85' lang='lat' dir='ltr'>Bracarens.</span> <span class='ocrx_word' id='word_1_512' title='bbox 1593 2392 1707 2438; x_wconf 90' lang='lat' dir='ltr'>episco</span> <span class='ocrx_word' id='word_1_513' title='bbox 1736 2420 1743 2427; x_wconf 97' lang='lat'>.</span> <span class='ocrx_word' id='word_1_514' title='bbox 1760 2392 1797 2426; x_wconf 93' lang='lat' dir='ltr'>in</span> <span class='ocrx_word' id='word_1_515' title='bbox 1813 2402 1928 2426; x_wconf 87' lang='lat' dir='ltr'>excer-</span> 
     </span>
     <span class='ocr_line' id='line_1_49' title="bbox 387 2436 1926 2482; baseline 0 -11"><span class='ocrx_word' id='word_1_516' title='bbox 387 2438 456 2482; x_wconf 87' lang='lat' dir='ltr'>ptis</span> <span class='ocrx_word' id='word_1_517' title='bbox 474 2438 572 2481; x_wconf 84' lang='lat' dir='ltr'>capit.</span> <span class='ocrx_word' id='word_1_518' title='bbox 593 2436 753 2470; x_wconf 86' lang='lat' dir='ltr'>Graecor.</span> <span class='ocrx_word' id='word_1_519' title='bbox 769 2443 851 2470; x_wconf 87' lang='lat' dir='ltr'>tom.</span> <span class='ocrx_word' id='word_1_520' title='bbox 870 2437 900 2470; x_wconf 76' lang='lat'>2.</span> <span class='ocrx_word' id='word_1_521' title='bbox 919 2436 1045 2471; x_wconf 81' lang='lat' dir='ltr'>Concil.</span> <span class='ocrx_word' id='word_1_522' title='bbox 1063 2447 1091 2470; x_wconf 90' lang='lat' dir='ltr'>c.</span> <span class='ocrx_word' id='word_1_523' title='bbox 1111 2436 1178 2471; x_wconf 90' lang='lat' dir='ltr'>LV.</span> <span class='ocrx_word' id='word_1_524' title='bbox 1212 2438 1446 2471; x_wconf 83' lang='lat' dir='ltr'>Damascenus</span> <span class='ocrx_word' id='word_1_525' title='bbox 1464 2438 1504 2471; x_wconf 90' lang='lat' dir='ltr'>de</span> <span class='ocrx_word' id='word_1_526' title='bbox 1520 2438 1587 2472; x_wconf 87' lang='lat' dir='ltr'>fide</span> <span class='ocrx_word' id='word_1_527' title='bbox 1605 2437 1701 2471; x_wconf 86' lang='lat' dir='ltr'>ortho</span> <span class='ocrx_word' id='word_1_528' title='bbox 1728 2449 1783 2471; x_wconf 89' lang='lat' dir='ltr'>ox.</span> <span class='ocrx_word' id='word_1_529' title='bbox 1799 2437 1857 2471; x_wconf 91' lang='lat' dir='ltr'>lib.</span> <span class='ocrx_word' id='word_1_530' title='bbox 1870 2437 1926 2472; x_wconf 92' lang='lat' dir='ltr'>IV.</span> 
     </span>
     <span class='ocr_line' id='line_1_50' title="bbox 390 2481 1926 2527; baseline 0.001 -11"><span class='ocrx_word' id='word_1_531' title='bbox 390 2493 462 2527; x_wconf 87' lang='lat' dir='ltr'>cap.</span> <span class='ocrx_word' id='word_1_532' title='bbox 480 2483 570 2516; x_wconf 90' lang='lat' dir='ltr'>XIV.</span> <span class='ocrx_word' id='word_1_533' title='bbox 613 2481 791 2516; x_wconf 83' lang='lat' dir='ltr'>Caesarius</span> <span class='ocrx_word' id='word_1_534' title='bbox 816 2482 1024 2515; x_wconf 85' lang='lat' dir='ltr'>Arelatensis</span> <span class='ocrx_word' id='word_1_535' title='bbox 1046 2481 1162 2516; x_wconf 90' lang='lat' dir='ltr'>homil.</span> <span class='ocrx_word' id='word_1_536' title='bbox 1179 2482 1219 2517; x_wconf 91' lang='lat' dir='ltr'>V.</span> <span class='ocrx_word' id='word_1_537' title='bbox 1246 2483 1286 2516; x_wconf 90' lang='lat' dir='ltr'>de</span> <span class='ocrx_word' id='word_1_538' title='bbox 1310 2482 1440 2517; x_wconf 86' lang='lat' dir='ltr'>Pascha</span> <span class='ocrx_word' id='word_1_539' title='bbox 1463 2483 1522 2517; x_wconf 84' lang='lat' dir='ltr'>fol.</span> <span class='ocrx_word' id='word_1_540' title='bbox 1549 2483 1620 2517; x_wconf 80' lang='lat'>137.</span> <span class='ocrx_word' id='word_1_541' title='bbox 1660 2483 1776 2516; x_wconf 89' lang='lat' dir='ltr'>Patres</span> <span class='ocrx_word' id='word_1_542' title='bbox 1800 2482 1926 2517; x_wconf 86' lang='lat' dir='ltr'>Concil.</span> 
     </span>
     <span class='ocr_line' id='line_1_51' title="bbox 391 2526 1927 2573; baseline -0.001 -11"><span class='ocrx_word' id='word_1_543' title='bbox 391 2528 543 2562; x_wconf 85' lang='lat' dir='ltr'>Trullani</span> <span class='ocrx_word' id='word_1_544' title='bbox 561 2538 691 2561; x_wconf 87' lang='lat' dir='ltr'>canone</span> <span class='ocrx_word' id='word_1_545' title='bbox 709 2527 858 2562; x_wconf 88' lang='lat' dir='ltr'>XXXII.</span> <span class='ocrx_word' id='word_1_546' title='bbox 901 2526 1027 2561; x_wconf 85' lang='lat' dir='ltr'>Concil.</span> <span class='ocrx_word' id='word_1_547' title='bbox 1046 2527 1243 2561; x_wconf 86' lang='lat' dir='ltr'>Africanum</span> <span class='ocrx_word' id='word_1_548' title='bbox 1262 2539 1333 2573; x_wconf 85' lang='lat' dir='ltr'>cap.</span> <span class='ocrx_word' id='word_1_549' title='bbox 1353 2528 1407 2561; x_wconf 93' lang='lat' dir='ltr'>IV.</span> <span class='ocrx_word' id='word_1_550' title='bbox 1426 2528 1552 2563; x_wconf 83' lang='lat' dir='ltr'>Concil.</span> <span class='ocrx_word' id='word_1_551' title='bbox 1573 2527 1854 2571; x_wconf 69' lang='lat' dir='ltr'>Carthaginiense</span> <span class='ocrx_word' id='word_1_552' title='bbox 1871 2527 1927 2561; x_wconf 91' lang='lat' dir='ltr'>III.</span> 
     </span>
     <span class='ocr_line' id='line_1_52' title="bbox 390 2572 1929 2619; baseline 0 -13"><span class='ocrx_word' id='word_1_553' title='bbox 390 2584 462 2618; x_wconf 87' lang='lat' dir='ltr'>cap.</span> <span class='ocrx_word' id='word_1_554' title='bbox 477 2572 604 2607; x_wconf 89' lang='lat' dir='ltr'>XXIV.</span> <span class='ocrx_word' id='word_1_555' title='bbox 631 2573 1024 2607; x_wconf 77' lang='lat' dir='ltr'>Conci1.W0rmatiense</span> <span class='ocrx_word' id='word_1_556' title='bbox 1042 2583 1113 2617; x_wconf 89' lang='lat' dir='ltr'>cap.</span> <span class='ocrx_word' id='word_1_557' title='bbox 1128 2573 1183 2607; x_wconf 92' lang='lat' dir='ltr'>IV.</span> <span class='ocrx_word' id='word_1_558' title='bbox 1203 2574 1330 2607; x_wconf 83' lang='lat' dir='ltr'>Concil.</span> <span class='ocrx_word' id='word_1_559' title='bbox 1344 2573 1560 2607; x_wconf 87' lang='lat' dir='ltr'>Triburiense</span> <span class='ocrx_word' id='word_1_560' title='bbox 1577 2584 1651 2619; x_wconf 90' lang='lat' dir='ltr'>cap.</span> <span class='ocrx_word' id='word_1_561' title='bbox 1664 2573 1791 2607; x_wconf 87' lang='lat' dir='ltr'>XXIV.</span> <span class='ocrx_word' id='word_1_562' title='bbox 1815 2572 1929 2606; x_wconf 84' lang='lat' dir='ltr'>Wala-</span> 
     </span>
     <span class='ocr_line' id='line_1_53' title="bbox 389 2616 1928 2663; baseline -0.001 -10"><span class='ocrx_word' id='word_1_563' title='bbox 389 2618 497 2653; x_wconf 83' lang='lat' dir='ltr'>fridus</span> <span class='ocrx_word' id='word_1_564' title='bbox 516 2618 637 2652; x_wconf 83' lang='lat' dir='ltr'>Strabo</span> <span class='ocrx_word' id='word_1_565' title='bbox 664 2619 703 2652; x_wconf 89' lang='lat' dir='ltr'>de</span> <span class='ocrx_word' id='word_1_566' title='bbox 727 2619 828 2652; x_wconf 80' lang='lat' dir='ltr'>rebus</span> <span class='ocrx_word' id='word_1_567' title='bbox 851 2619 1038 2652; x_wconf 85' lang='lat' dir='ltr'>ecclesiast.</span> <span class='ocrx_word' id='word_1_568' title='bbox 1057 2629 1129 2663; x_wconf 85' lang='lat' dir='ltr'>cap.</span> <span class='ocrx_word' id='word_1_569' title='bbox 1147 2618 1238 2652; x_wconf 88' lang='lat' dir='ltr'>XVI.</span> <span class='ocrx_word' id='word_1_570' title='bbox 1280 2618 1484 2652; x_wconf 86' lang='lat' dir='ltr'>Paschasius</span> <span class='ocrx_word' id='word_1_571' title='bbox 1502 2619 1541 2652; x_wconf 88' lang='lat' dir='ltr'>de</span> <span class='ocrx_word' id='word_1_572' title='bbox 1558 2622 1760 2652; x_wconf 86' lang='lat' dir='ltr'>sacrament.</span> <span class='ocrx_word' id='word_1_573' title='bbox 1777 2616 1928 2652; x_wconf 88' lang='lat' dir='ltr'>euchari-</span> 
     </span>
     <span class='ocr_line' id='line_1_54' title="bbox 391 2663 1928 2709; baseline 0 -12"><span class='ocrx_word' id='word_1_574' title='bbox 391 2665 477 2697; x_wconf 86' lang='lat' dir='ltr'>stiae</span> <span class='ocrx_word' id='word_1_575' title='bbox 495 2675 568 2709; x_wconf 86' lang='lat' dir='ltr'>cap.</span> <span class='ocrx_word' id='word_1_576' title='bbox 586 2664 647 2698; x_wconf 89' lang='lat' dir='ltr'>XI.</span> <span class='ocrx_word' id='word_1_577' title='bbox 667 2663 761 2697; x_wconf 52' lang='lat' dir='ltr'>Beda.</span> <span class='ocrx_word' id='word_1_578' title='bbox 776 2665 811 2697; x_wconf 89' lang='lat' dir='ltr'>in</span> <span class='ocrx_word' id='word_1_579' title='bbox 828 2663 954 2697; x_wconf 87' lang='lat' dir='ltr'>Lucam</span> <span class='ocrx_word' id='word_1_580' title='bbox 973 2664 1029 2698; x_wconf 87' lang='lat' dir='ltr'>lib.</span> <span class='ocrx_word' id='word_1_581' title='bbox 1046 2663 1101 2698; x_wconf 92' lang='lat' dir='ltr'>VI.</span> <span class='ocrx_word' id='word_1_582' title='bbox 1119 2675 1192 2708; x_wconf 91' lang='lat' dir='ltr'>cap.</span> <span class='ocrx_word' id='word_1_583' title='bbox 1211 2664 1322 2698; x_wconf 86' lang='lat' dir='ltr'>XXII.</span> <span class='ocrx_word' id='word_1_584' title='bbox 1354 2665 1563 2707; x_wconf 62' lang='lat' dir='ltr'>Micrologus</span> <span class='ocrx_word' id='word_1_585' title='bbox 1581 2664 1620 2697; x_wconf 89' lang='lat' dir='ltr'>de</span> <span class='ocrx_word' id='word_1_586' title='bbox 1637 2664 1805 2697; x_wconf 86' lang='lat' dir='ltr'>observat.</span> <span class='ocrx_word' id='word_1_587' title='bbox 1824 2664 1928 2697; x_wconf 88' lang='lat' dir='ltr'>eccle-</span> 
     </span>
     <span class='ocr_line' id='line_1_55' title="bbox 391 2707 1927 2754; baseline 0.001 -12"><span class='ocrx_word' id='word_1_588' title='bbox 391 2710 485 2742; x_wconf 88' lang='lat' dir='ltr'>siast.</span> <span class='ocrx_word' id='word_1_589' title='bbox 503 2720 531 2744; x_wconf 89' lang='lat' dir='ltr'>c.</span> <span class='ocrx_word' id='word_1_590' title='bbox 548 2709 593 2742; x_wconf 87' lang='lat' dir='ltr'>X.</span> <span class='ocrx_word' id='word_1_591' title='bbox 619 2710 763 2750; x_wconf 63' lang='lat' dir='ltr'>Algerus</span> <span class='ocrx_word' id='word_1_592' title='bbox 781 2709 820 2742; x_wconf 90' lang='lat' dir='ltr'>de</span> <span class='ocrx_word' id='word_1_593' title='bbox 838 2713 1052 2742; x_wconf 87' lang='lat' dir='ltr'>sacramento</span> <span class='ocrx_word' id='word_1_594' title='bbox 1070 2709 1294 2743; x_wconf 84' lang='lat' dir='ltr'>eucharistiae</span> <span class='ocrx_word' id='word_1_595' title='bbox 1310 2710 1367 2743; x_wconf 92' lang='lat' dir='ltr'>lib.</span> <span class='ocrx_word' id='word_1_596' title='bbox 1385 2710 1425 2743; x_wconf 92' lang='grc' dir='ltr'>ΙΙ.</span> <span class='ocrx_word' id='word_1_597' title='bbox 1443 2720 1470 2743; x_wconf 90' lang='lat' dir='ltr'>c.</span> <span class='ocrx_word' id='word_1_598' title='bbox 1483 2710 1537 2744; x_wconf 93' lang='lat' dir='ltr'>IV.</span> <span class='ocrx_word' id='word_1_599' title='bbox 1562 2708 1736 2754; x_wconf 86' lang='lat' dir='ltr'>Eugenius</span> <span class='ocrx_word' id='word_1_600' title='bbox 1747 2707 1810 2742; x_wconf 86' lang='lat' dir='ltr'>PP.</span> <span class='ocrx_word' id='word_1_601' title='bbox 1824 2707 1879 2741; x_wconf 88' lang='lat' dir='ltr'>IV.</span> <span class='ocrx_word' id='word_1_602' title='bbox 1892 2708 1927 2743; x_wconf 88' lang='lat' dir='ltr'>in</span> 
     </span>
     <span class='ocr_line' id='line_1_56' title="bbox 392 2753 1927 2798; baseline 0.001 -11"><span class='ocrx_word' id='word_1_603' title='bbox 392 2754 515 2789; x_wconf 87' lang='lat' dir='ltr'>decret.</span> <span class='ocrx_word' id='word_1_604' title='bbox 540 2759 623 2788; x_wconf 90' lang='lat' dir='ltr'>tom.</span> <span class='ocrx_word' id='word_1_605' title='bbox 643 2755 699 2788; x_wconf 94' lang='lat' dir='ltr'>III.</span> <span class='ocrx_word' id='word_1_606' title='bbox 722 2755 848 2789; x_wconf 65' lang='lat' dir='ltr'>Concil.</span> <span class='ocrx_word' id='word_1_607' title='bbox 871 2755 928 2788; x_wconf 89' lang='lat' dir='ltr'>fol.</span> <span class='ocrx_word' id='word_1_608' title='bbox 947 2754 1022 2788; x_wconf 80' lang='lat'>506.</span> <span class='ocrx_word' id='word_1_609' title='bbox 1063 2753 1191 2798; x_wconf 85' lang='lat' dir='ltr'>Corpus</span> <span class='ocrx_word' id='word_1_610' title='bbox 1215 2755 1343 2790; x_wconf 68' lang='lat' dir='ltr'>Canon.</span> <span class='ocrx_word' id='word_1_611' title='bbox 1368 2755 1514 2789; x_wconf 88' lang='lat' dir='ltr'>distinct.</span> <span class='ocrx_word' id='word_1_612' title='bbox 1531 2754 1562 2789; x_wconf 78' lang='lat'>2.</span> <span class='ocrx_word' id='word_1_613' title='bbox 1593 2754 1633 2787; x_wconf 86' lang='lat' dir='ltr'>de</span> <span class='ocrx_word' id='word_1_614' title='bbox 1664 2753 1927 2788; x_wconf 84' lang='lat' dir='ltr'>consecratione.</span> 
     </span>
     <span class='ocr_line' id='line_1_57' title="bbox 391 2797 1927 2844; baseline -0.001 -11"><span class='ocrx_word' id='word_1_615' title='bbox 391 2799 540 2833; x_wconf 85' lang='lat' dir='ltr'>Thomas</span> <span class='ocrx_word' id='word_1_616' title='bbox 559 2799 759 2844; x_wconf 60' lang='lat' dir='ltr'>Aquiuanss.</span> <span class='ocrx_word' id='word_1_617' title='bbox 778 2805 864 2844; x_wconf 85' lang='lat' dir='ltr'>part.</span> <span class='ocrx_word' id='word_1_618' title='bbox 879 2811 966 2834; x_wconf 89' lang='lat' dir='ltr'>sum.</span> <span class='ocrx_word' id='word_1_619' title='bbox 986 2804 1116 2844; x_wconf 82' lang='lat' dir='ltr'>quaest.</span> <span class='ocrx_word' id='word_1_620' title='bbox 1130 2800 1286 2834; x_wconf 88' lang='lat' dir='ltr'>LXXIV.</span> <span class='ocrx_word' id='word_1_621' title='bbox 1304 2801 1434 2834; x_wconf 86' lang='lat' dir='ltr'>articul.</span> <span class='ocrx_word' id='word_1_622' title='bbox 1448 2800 1503 2834; x_wconf 93' lang='lat' dir='ltr'>VI.</span> <span class='ocrx_word' id='word_1_623' title='bbox 1520 2797 1792 2843; x_wconf 85' lang='lat' dir='ltr'>Theophylactus</span> <span class='ocrx_word' id='word_1_624' title='bbox 1809 2798 1844 2832; x_wconf 89' lang='lat' dir='ltr'>in</span> <span class='ocrx_word' id='word_1_625' title='bbox 1858 2798 1927 2833; x_wconf 92' lang='lat' dir='ltr'>Ioh.</span> 
     </span>
     <span class='ocr_line' id='line_1_58' title="bbox 393 2843 1928 2890; baseline 0 -12"><span class='ocrx_word' id='word_1_626' title='bbox 393 2856 464 2889; x_wconf 88' lang='lat' dir='ltr'>cap.</span> <span class='ocrx_word' id='word_1_627' title='bbox 481 2845 577 2878; x_wconf 85' lang='lat' dir='ltr'>XIX.</span> <span class='ocrx_word' id='word_1_628' title='bbox 595 2845 653 2878; x_wconf 86' lang='lat' dir='ltr'>fol.</span> <span class='ocrx_word' id='word_1_629' title='bbox 670 2844 745 2878; x_wconf 75' lang='lat'>567.</span> <span class='ocrx_word' id='word_1_630' title='bbox 764 2851 960 2879; x_wconf 84' lang='lat' dir='ltr'>exsecratur</span> <span class='ocrx_word' id='word_1_631' title='bbox 976 2846 1171 2886; x_wconf 88' lang='lat' dir='ltr'>Armenios,</span> <span class='ocrx_word' id='word_1_632' title='bbox 1189 2847 1247 2890; x_wconf 89' lang='lat' dir='ltr'>qui</span> <span class='ocrx_word' id='word_1_633' title='bbox 1263 2857 1332 2879; x_wconf 90' lang='lat' dir='ltr'>non</span> <span class='ocrx_word' id='word_1_634' title='bbox 1355 2845 1544 2879; x_wconf 86' lang='lat' dir='ltr'>admiscent</span> <span class='ocrx_word' id='word_1_635' title='bbox 1555 2845 1590 2877; x_wconf 90' lang='lat' dir='ltr'>in</span> <span class='ocrx_word' id='word_1_636' title='bbox 1605 2843 1778 2887; x_wconf 83' lang='lat' dir='ltr'>mysteriis</span> <span class='ocrx_word' id='word_1_637' title='bbox 1801 2853 1928 2888; x_wconf 87' lang='lat' dir='ltr'>aquam</span> 
     </span>
     <span class='ocr_line' id='line_1_59' title="bbox 392 2886 1926 2935; baseline -0.001 -12"><span class='ocrx_word' id='word_1_638' title='bbox 392 2891 482 2924; x_wconf 70' lang='lat' dir='ltr'>vino.</span> <span class='ocrx_word' id='word_1_639' title='bbox 508 2888 772 2934; x_wconf 75' lang='grc' dir='ltr'>Αἶσχυνέσθωσαν</span> <span class='ocrx_word' id='word_1_640' title='bbox 788 2888 953 2934; x_wconf 68' lang='grc' dir='ltr'>Ἀσμένιοι,</span> <span class='ocrx_word' id='word_1_641' title='bbox 973 2889 1001 2922; x_wconf 80' lang='grc' dir='ltr'>οἱ</span> <span class='ocrx_word' id='word_1_642' title='bbox 1019 2889 1061 2934; x_wconf 83' lang='grc' dir='ltr'>μὴ</span> <span class='ocrx_word' id='word_1_643' title='bbox 1079 2892 1333 2934; x_wconf 67' lang='grc' dir='ltr'>παρακιονῶντες</span> <span class='ocrx_word' id='word_1_644' title='bbox 1350 2890 1438 2935; x_wconf 72' lang='grc' dir='ltr'>ὕδωρ</span> <span class='ocrx_word' id='word_1_645' title='bbox 1456 2893 1504 2934; x_wconf 78' lang='grc' dir='ltr'>τῷ</span> <span class='ocrx_word' id='word_1_646' title='bbox 1521 2888 1597 2932; x_wconf 81' lang='grc' dir='ltr'>οἴνῳ</span> <span class='ocrx_word' id='word_1_647' title='bbox 1611 2886 1641 2921; x_wconf 83' lang='grc' dir='ltr'>ἐν</span> <span class='ocrx_word' id='word_1_648' title='bbox 1653 2889 1720 2926; x_wconf 75' lang='grc' dir='ltr'>τοῖς</span> <span class='ocrx_word' id='word_1_649' title='bbox 1734 2888 1926 2934; x_wconf 80' lang='grc' dir='ltr'>μυστηρίοις.</span> 
     </span>
     <span class='ocr_line' id='line_1_60' title="bbox 393 2927 1928 2987; baseline 0.001 -20"><span class='ocrx_word' id='word_1_650' title='bbox 393 2933 432 2968; x_wconf 90' lang='lat' dir='ltr'>In</span> <span class='ocrx_word' id='word_1_651' title='bbox 450 2935 595 2987; x_wconf 77' lang='lat' dir='ltr'>epitome</span> <span class='ocrx_word' id='word_1_652' title='bbox 614 2934 648 2969; x_wconf 83' lang='lat' dir='ltr'>S.</span> <span class='ocrx_word' id='word_1_653' title='bbox 668 2934 796 2968; x_wconf 88' lang='lat' dir='ltr'>Canon.</span> <span class='ocrx_word' id='word_1_654' title='bbox 815 2934 873 2969; x_wconf 85' lang='lat' dir='ltr'>fol.</span> <span class='ocrx_word' id='word_1_655' title='bbox 887 2935 936 2969; x_wconf 84' lang='lat'>17.</span> <span class='ocrx_word' id='word_1_656' title='bbox 956 2935 1112 2969; x_wconf 87' lang='lat' dir='ltr'>sacerdos</span> <span class='ocrx_word' id='word_1_657' title='bbox 1131 2936 1188 2979; x_wconf 89' lang='lat' dir='ltr'>qui</span> <span class='ocrx_word' id='word_1_658' title='bbox 1203 2927 1273 2969; x_wconf 76' lang='lat' dir='ltr'>¹non</span> <span class='ocrx_word' id='word_1_659' title='bbox 1289 2936 1410 2969; x_wconf 87' lang='lat' dir='ltr'>miscet</span> <span class='ocrx_word' id='word_1_660' title='bbox 1425 2936 1544 2968; x_wconf 82' lang='lat' dir='ltr'>vinum</span> <span class='ocrx_word' id='word_1_661' title='bbox 1560 2943 1663 2986; x_wconf 74' lang='lat' dir='ltr'>aqua,</span> <span class='ocrx_word' id='word_1_662' title='bbox 1681 2932 1871 2977; x_wconf 89' lang='lat' dir='ltr'>deponitur.</span> <span class='ocrx_word' id='word_1_663' title='bbox 1890 2934 1928 2968; x_wconf 70' lang='lat' dir='ltr'>Et</span> 
     </span>
     <span class='ocr_line' id='line_1_61' title="bbox 395 2976 1926 3025; baseline 0.002 -15"><span class='ocrx_word' id='word_1_664' title='bbox 395 2989 439 3017; x_wconf 86' lang='grc' dir='ltr'>τις</span> <span class='ocrx_word' id='word_1_665' title='bbox 457 2979 544 3025; x_wconf 63' lang='grc' dir='ltr'>ὕδωρ</span> <span class='ocrx_word' id='word_1_666' title='bbox 563 2981 672 3024; x_wconf 78' lang='grc' dir='ltr'>μόνον,</span> <span class='ocrx_word' id='word_1_667' title='bbox 691 2977 734 3017; x_wconf 77' lang='grc' dir='ltr'>ὡς</span> <span class='ocrx_word' id='word_1_668' title='bbox 752 2978 781 3011; x_wconf 83' lang='grc' dir='ltr'>οἱ</span> <span class='ocrx_word' id='word_1_669' title='bbox 798 2978 1095 3025; x_wconf 65' lang='grc' dir='ltr'>ὑδροπαραστὰται,</span> <span class='ocrx_word' id='word_1_670' title='bbox 1113 2981 1131 3022; x_wconf 86' lang='grc' dir='ltr'>ἢ</span> <span class='ocrx_word' id='word_1_671' title='bbox 1152 2976 1255 3022; x_wconf 68' lang='grc' dir='ltr'>οἶνον,</span> <span class='ocrx_word' id='word_1_672' title='bbox 1280 2979 1323 3018; x_wconf 84' lang='grc' dir='ltr'>ὡς</span> <span class='ocrx_word' id='word_1_673' title='bbox 1341 2979 1370 3013; x_wconf 85' lang='grc' dir='ltr'>οἱ</span> <span class='ocrx_word' id='word_1_674' title='bbox 1387 2979 1559 3024; x_wconf 78' lang='grc' dir='ltr'>Ἀρμένιοι,</span> <span class='ocrx_word' id='word_1_675' title='bbox 1582 2977 1667 3010; x_wconf 85' lang='grc' dir='ltr'>αλλὰ</span> <span class='ocrx_word' id='word_1_676' title='bbox 1684 2977 1726 3022; x_wconf 81' lang='grc' dir='ltr'>μὴ</span> <span class='ocrx_word' id='word_1_677' title='bbox 1745 2977 1821 3024; x_wconf 77' lang='grc' dir='ltr'>οἴνῳ</span> <span class='ocrx_word' id='word_1_678' title='bbox 1837 2979 1926 3025; x_wconf 73' lang='grc' dir='ltr'>ὕδωρ</span> 
     </span>
     <span class='ocr_line' id='line_1_62' title="bbox 398 3022 1925 3070; baseline 0.003 -14"><span class='ocrx_word' id='word_1_679' title='bbox 398 3023 508 3068; x_wconf 61' lang='grc' dir='ltr'>μιγνὺς</span> <span class='ocrx_word' id='word_1_680' title='bbox 532 3024 617 3057; x_wconf 69' lang='grc' dir='ltr'>οὕτω</span> <span class='ocrx_word' id='word_1_681' title='bbox 640 3024 695 3067; x_wconf 84' lang='grc' dir='ltr'>τὴν</span> <span class='ocrx_word' id='word_1_682' title='bbox 713 3022 873 3070; x_wconf 84' lang='grc' dir='ltr'>ἄχραντον</span> <span class='ocrx_word' id='word_1_683' title='bbox 891 3023 1041 3070; x_wconf 77' lang='grc' dir='ltr'>προςάγει</span> <span class='ocrx_word' id='word_1_684' title='bbox 1058 3024 1185 3068; x_wconf 75' lang='grc' dir='ltr'>θυσίαν,</span> <span class='ocrx_word' id='word_1_685' title='bbox 1208 3024 1429 3069; x_wconf 77' lang='grc' dir='ltr'>καθαιρείσθω.</span> <span class='ocrx_word' id='word_1_686' title='bbox 1469 3024 1512 3057; x_wconf 85' lang='lat' dir='ltr'>Et</span> <span class='ocrx_word' id='word_1_687' title='bbox 1525 3022 1695 3057; x_wconf 84' lang='lat' dir='ltr'>Pontificii</span> <span class='ocrx_word' id='word_1_688' title='bbox 1716 3024 1819 3058; x_wconf 79' lang='lat' dir='ltr'>etiam</span> <span class='ocrx_word' id='word_1_689' title='bbox 1834 3036 1925 3060; x_wconf 81' lang='lat' dir='ltr'>nunc</span> 
     </span>
    </p>
   </div>
  </div>
 </body>
</html>
