2052 3374
688 219 738 244 DE
757 218 989 245 HAERESIBUS
1008 218 1128 244 LIBER.

1621 218 1675 259 45

137 327 178 363 et
196 322 378 363 Veritate
402 326 491 363 octo
513 323 690 376 Aeonas‚
714 327 755 364 et
776 338 865 365 esse
887 324 992 365 hanc
1013 313 1306 379 9τριακοντάδα
1327 320 1613 373 Seculoruin⁰‚
1633 320 1678 362 id

137 395 199 432 est
217 391 386 443 triginta
407 391 622 432 ¹⁰Aeonas.
663 393 721 433 De
752 392 934 445 ogdoade
964 405 1057 445 ergo
1087 396 1126 431 et
1149 389 1300 432 decade
1329 390 1359 413 ¹¹
1373 394 1413 430 et
1441 389 1676 430 duodecade

136 459 361 500 consistere
381 459 552 512 triginta
571 460 736 501 Aeonas
758 460 984 501 ¹2delirat1‘.
1031 460 1141 500 Dicit
1169 463 1307 500 autem
1329 458 1538 499 Christum
1558 472 1583 498 a
1603 472 1676 513 pa-

134 531 211 580 tre,
233 540 355 582 quem
374 527 630 569 Profundum
652 530 845 570 nomine‘¹
869 528 1070 583 appellat,
1092 527 1144 568 ad
1165 529 1291 569 totius
1312 526 1458 568 mundi
1480 526 1678 567 salutemr

134 595 263 637 fuisse
285 595 525 649 dimissum,
556 596 686 651 deque
716 596 827 638 caelo
857 610 952 637 eum
980 609 1148 637 carnem
1169 595 1387 647 detulisse,
1416 594 1520 636 nihil
1540 600 1679 636 autem

136 663 167 688 ¹³
177 665 386 719 accepisse
409 663 457 705 de
481 670 624 706 sancta
643 667 825 719 virgine,
854 664 928 705 sed
948 669 994 705 ut
1015 677 1163 718 aquam
1184 678 1256 718 per
1276 665 1456 717 rivumS,
1485 665 1543 704 ita
1562 669 1676 704 tran-

135 733 240 774 sisse
260 745 334 787 per
354 746 446 774 eam
465 733 653 774 affirmat.
685 734 881 775 Animam
902 746 995 786 ergo
1018 732 1145 774 solam
1165 732 1353 785 salvarit,
1376 746 1524 787 corpus
1541 737 1679 774 autem

134 800 314 842 hominis
334 815 420 843 non
443 801 593 843 salvari
615 801 850 843 arbitratur.

218 869 302 911 Alii
324 874 422 911 sunt
437 883 697 912 successores
719 871 898 925 ipsiusa:
920 869 1196 922 Ptolemaeus,
1218 870 1287 923 qui
1306 869 1535 910 doctrinam
1551 883 1678 925 aeque

134 951 286 980 vanam
304 938 466 992 intulit,
495 938 637 980 dicens
659 943 832 993 quatuor
853 952 943 980 esse
963 939 1151 991 Aeonas⁷
1172 941 1214 979 et
1233 937 1334 979 alios
1356 939 1575 992 quatuorb3
1604 953 1678 980 no—

1413 1011 1428 1050 1

226 1073 258 1108 9.
287 1072 502 1119 τριακοντὰδα
525 1087 553 1108 c.
577 1076 618 1108 de
648 1076 810 1108 emendat.
843 1075 999 1108 Coteleric'
1025 1074 1170 1107 Altinum.
1193 1073 1290 1107 Eccl.
1320 1075 1379 1107 Gr.
1404 1080 1476 1107 tom.
1496 1074 1524 1106 I.
1544 1087 1580 1119 p.
1602 1075 1681 1108 768.

136 1117 306 1164 τριάκοντα
323 1120 445 1154 ABab.
481 1120 531 1154 10.
549 1131 676 1154 aeonas
694 1131 838 1154 aeonon.
861 1120 911 1154 De
928 1121 973 1153 A.
1000 1120 1051 1152 11.
1069 1123 1101 1152 et
1118 1119 1312 1152 duodecade
1330 1132 1390 1153 om.
1408 1121 1452 1153 A.
1495 1120 1545 1153 12.
1563 1120 1682 1154 delirat

137 1177 164 1199 c.
190 1166 230 1199 de
246 1167 407 1199 emendat.
427 1166 580 1199 C'otelerii
602 1167 622 1199 l.
641 1167 662 1199 l.
681 1173 753 1199 tom.
771 1167 846 1199 ΙΙΙ.
858 1179 895 1211 p.
915 1165 999 1198 629.
1017 1165 1181 1199 deliberat
1198 1165 1321 1199 ABah.
1366 1164 1415 1199 13.
1433 1166 1620 1200 accessisse
1638 1167 1681 1199 A.

226 1210 308 1257 Cap.
322 1211 493 1246 XXXIX.
509 1214 545 1245 in
561 1211 669 1245 Bahe.
686 1215 884 1256 inscription
901 1218 949 1245 est
962 1211 1204 1245 Pronmmsvs.
1222 1230 1265 1235 —

139 1324 285 1368 ,τέλειος
309 1323 388 1358 αἰὼν
411 1325 547 1370 προών”
571 1326 661 1371 apud
684 1326 874 1368 Irenaeum,

139 1371 236 1405 initio
253 1371 312 1405 lib.
324 1371 353 1404 1.
372 1371 445 1413 ηκαὶ
462 1371 572 1410 καλῶς
582 1372 618 1404 ἂν
629 1371 757 1416 λέγοιτο
768 1369 784 1404 ὁ
796 1370 874 1404 αἰὼν

137 1416 239 1456 θεός.”
272 1416 396 1451 Plotin.
412 1427 493 1462 pag.
509 1417 585 1451 329,
610 1417 756 1451 Saecula
772 1418 875 1451 etiam

159 1473 196 1496 ro
214 1463 348 1507 angelis
371 1463 505 1496 videtur
528 1463 657 1497 dixisse
676 1463 826 1496 Hilarius
844 1463 875 1496 2.

160 1519 178 1541 e
198 1508 291 1542 Trin.
318 1508 553 1552 „Archanyeli
575 1511 741 1549 nesciunt,
763 1510 877 1552 anyeli

136 1566 201 1586 non
237 1555 433 1594 audierunt,
468 1555 607 1587 saecula
644 1567 706 1587 non
738 1554 875 1587 tenent.'‘

137 1602 155 1640 (
156 1598 189 1632 F
188 1599 260 1632 abr.
261 1602 279 1640 )

183 1656 214 1678 o.
239 1642 454 1689 τριακοντάόα
474 1645 688 1688 seculorum]
721 1645 773 1678 Ita
797 1645 878 1678 scri—

136 1689 289 1724 bendum
310 1701 373 1735 pro
396 1688 567 1735 τριάκοντα
589 1691 725 1725 monuit
748 1690 877 1724 001010-

137 1736 208 1769 rius
225 1736 262 1769 T.
281 1736 308 1769 1.
338 1736 552 1770 Monument.
576 1736 749 1770 Ecclesiae
774 1736 878 1770 Grae-

138 1791 197 1815 cae
214 1793 246 1826 p.
261 1780 336 1814 768.
362 1781 419 1815 Sic
436 1786 469 1815 et
481 1782 572 1827 apud
584 1782 783 1815 Tertullian.
801 1781 877 1823 (F.)

181 1838 215 1872 p.
240 1826 373 1870 delirat]
397 1827 489 1861 Male
501 1828 631 1872 priores
645 1827 809 1861 editiones
823 1829 877 1860 de-

139 1872 273 1906 liberat.
289 1871 375 1906 Vide
389 1872 536 1906 eundem
549 1872 755 1907 Cotelerium
771 1873 809 1907 T.
819 1872 874 1906 111.

138 1929 161 1963 p
185 1974 216 2008 q.
240 1962 452 1998 Profundum
464 1964 616 2009 nomine]
632 1964 745 2009 Βυθὸν,
755 1964 796 1998 (10
810 1975 876 2009 quo

138 2019 253 2054 supra.
293 2009 369 2051 (F.)

191 2065 217 2088 r.
242 2054 285 2088 ad
304 2055 409 2089 totius
431 2055 552 2089 mundi
575 2055 734 2100 salutem]
759 2055 877 2098 Dictus

139 2099 217 2134 inde
244 2100 391 2146 ᾖσωτήρ,
422 2101 621 2134 τελειότατον
639 2099 760 2140 κάλλος
777 2113 809 2134 τε
827 2101 878 2134 καὶ

142 2143 270 2190 ἄστρον,
288 2149 346 2179 τοῦ
363 2146 583 2191 πληρώματος
597 2146 716 2185 τέλειος
733 2147 877 2191 napae?

140 2195 178 2224 ut
193 2195 246 2224 est
261 2191 353 2237 apud
368 2191 548 2226 Irenaeum
564 2204 596 2237 p.
618 2192 667 2225 14.
701 2192 776 2233 (F.)

185 2248 212 2270 s.
235 2241 276 2270 ut
290 2247 417 2282 aquam
436 2249 496 2283 per
517 2237 642 2282 rivum]
666 2237 877 2282 Epiphanius

139 2282 273 2316 XXXI.
286 2282 317 2316 7.
337 2282 436 2327 »φασὶ
449 2282 484 2316 δὲ
501 2281 620 2316 ἄνωθεν
634 2283 878 2328 κατενηνοχέναι

140 2327 178 2360 τὶ)
196 2329 310 2372 σῶμα,
334 2328 387 2361 καὶ
403 2326 447 2367 ὡς
465 2328 518 2361 διὰ
543 2328 689 2370 ’.τωλῆνος
714 2328 803 2373 ὕδωρ
827 2328 879 2361 διὰ

142 2372 266 2427 Μαρίας
282 2375 338 2416 τῆς
349 2373 508 2418 παρθένου
522 2373 761 2418 διαληλυθέναι,
780 2373 878 2418 μηδὲν

142 2417 178 2451 δὲ
193 2417 257 2451 απὸ
270 2421 325 2462 τῆς
341 2419 530 2464 παρθενικῆς
548 2419 669 2463 μήτρας
687 2417 878 2463 εἶληφέναι.”

141 2463 303 2498 Irenaeus
318 2465 377 2498 lib.
397 2465 425 2498 1.
444 2475 517 2510 cap.
536 2465 567 2498 7.
594 2460 690 2506 „atvar
713 2464 747 2497 δὲ
764 2467 878 2498 τοῦτον

141 2509 197 2542 τὸν
211 2509 263 2542 διὰ
274 2509 400 2554 Μαρίας
413 2510 622 2543 διοδεύει-αντα
636 2509 776 2555 καθάπερ
790 2510 877 2555 ὕδωρ

143 2553 195 2587 διὰ
216 2553 363 2600 σωλῆνας
387 2553 524 2588 ὁδεύει;”
551 2568 639 2595 „esse
662 2562 769 2588 autem
793 2556 879 2590 hune

143 2602 200 2644 qm·
215 2612 282 2645 per
300 2601 452 2634 Mariam
477 2604 653 2634 transierit
673 2603 878 2645 quemadmo-

145 2647 220 2678 dum
237 2658 326 2690 aqua
338 2657 404 2690 per
419 2647 528 2679 tubum
546 2647 697 2679 trn›1.‹›·1't.''
715 2646 766 2679 lta
781 2651 878 2681 vetus

143 2689 275 2724 Irenaei
285 2692 461 2736 interpres.
478 2692 541 2726 Est
553 2692 611 2737 qui
623 2692 778 2725 similiter
790 2693 880 2738 apud

144 2735 362 2770 Philastrium
371 2738 564 2782 suspicatur
576 2737 793 2771 scribendum
806 2749 881 2772 esse

141 2793 206 2826 per
221 2783 346 2823 tubum,
370 2783 462 2828 quod
485 2784 566 2828 quia
588 2783 762 2827 scripserit
780 2784 880 2817 libra-

146 2827 216 2860 rius
228 2839 294 2872 per
308 2834 433 2868 turum,
455 2829 542 2862 alius
563 2840 631 2861 11011
653 2829 792 2872 capiens
809 2840 881 2862 cor-

146 2873 235 2906 rexit
250 2885 316 2918 per
331 2876 448 2906 rivum.
480 2874 546 2907 Sed
567 2873 651 2906 nihil
666 2874 880 2916 mutandum,

147 2927 228 2951 nam
244 2918 337 2952 rivus
361 2923 413 2952 est
428 2920 556 2953 canalis
573 2919 752 2960 structilis,
768 2920 880 2953 Vitru-

148 2962 223 2996 vius
240 2963 327 2997 VIII.
344 2964 375 2997 7'.
401 2966 540 3005 „ductus
562 2977 669 3008 aquae
683 2966 773 3008 finnt
785 2977 880 3008 qene-

147 3008 240 3041 ribus
251 3009 365 3050 tribua,
381 3012 467 3043 rivis
477 3023 542 3055 per
555 3011 693 3043 canales
703 3012 881 3051 structiles,

149 3059 207 3086 au!
217 3055 344 3098 fistulis
359 3056 539 3099 plumbeis,
562 3068 617 3090 sea
635 3055 754 3089 tubuli-3
762 3057 881 3099 ficlili-

945 1326 1032 1359 bus-‚⁵¹¹
1056 1325 1099 1359 Et
1115 1326 1260 1359 fortasse
1284 1325 1375 1370 apud
1391 1326 1625 1371 Augustinum
1642 1326 1682 1360 de

942 1372 1149 1406 Haeresibus
1167 1383 1194 1405 c.
1207 1372 1257 1404 ll.
1273 1382 1344 1404 11011
1359 1383 1419 1416 per
1433 1375 1550 1405 rimam
1567 1373 1682 1417 legen-

945 1417 1027 1450 dum
1051 1417 1111 1450 sed
1133 1430 1199 1461 per
1223 1419 1328 1449 siz-um
1354 1423 1414 1450 aut
1431 1430 1496 1462 pet·
1511 1420 1682 1462 fistulam.-

945 1468 1033 1496 certe
1050 1463 1085 1496 111
1098 1463 1244 1495 Auctore
1260 1462 1525 1505 Praedesfinafi,
1545 1464 1602 1508 qui
1614 1464 1682 1497 Au-

945 1508 1076 1552 gustini
1100 1509 1187 1541 solet
1210 1508 1324 1552 legere
1348 1509 1497 1553 vestigia
1521 1520 1548 1542 c.
1569 1509 1619 1542 11.
1642 1509 1682 1542 de

944 1554 1210 1587 Valentinianis:
1226 1553 1282 1596 „F
1282 1555 1370 1586 ilium
1387 1554 1473 1587 nihil
1485 1556 1683 1588 adsumsisse

948 1601 987 1633 (Ie
1011 1599 1131 1632 Maria
1157 1602 1301 1643 riryine,
1329 1601 1389 1632 sed
1410 1601 1502 1633 illum
1527 1607 1683 1644 tanquam

947 1657 1068 1689 aquam
1079 1657 1146 1689 per
1161 1648 1265 1677 rit-um
1281 1646 1512 1689 (ιιιτῙῘ-ςΐιιῖαηι,
1530 1649 1600 1679 sine
1612 1648 1683 1678 ulla

948 1693 1064 1723 carni-s·
1095 1692 1300 1724 adsumtione
1331 1692 1522 1725 transisses
1557 1692 1684 1725 Auctor

946 1736 1143 1781 appendicis
1171 1735 1214 1769 ad
1241 1736 1489 1770 Tertullianum
1517 1737 1557 1770 de
1584 1737 1683 1770 Prae-

945 1782 1060 1827 script.
1077 1793 1105 1815 c.
1122 1782 1176 1815 49.
1195 1783 1372 1826 „spiritale
1388 1785 1497 1815 nescio
1514 1785 1600 1827 qnod
1611 1796 1683 1816 cm·—

940 1839 1006 1872 pus
1031 1829 1071 1860 [Ie
1095 1828 1188 1860 caelo
1216 1829 1414 1872 deferentem
1438 1832 1536 1872 qnasi
1563 1841 1682 1873 aquam

940 1874 1181 1917 perfistnlam,
1204 1875 1253 1905 sic
1265 1885 1332 1917 per
1346 1874 1499 1907 Mariam
1521 1877 1683 1919 rirqinem

947 1925 1185 1959 transmeasse,
1203 1918 1290 1951 nihil
1303 1920 1382 1952 inde
1400 1921 1450 1953 vel
1465 1923 1684 1965 accipientem

946 1965 998 1997 vel
1014 1965 1240 1997 m21tz1ante1n.”
1288 1965 1364 2006 (F.)

996 2013 1020 2043 t.
1044 2010 1205 2043 Animam
1228 2010 1338 2044 solam
1360 2011 1499 2056 salvari]
1527 2011 1685 2057 Corporis

946 2054 1046 2089 huius
1063 2056 1347 2089 resurrectionem
1370 2058 1545 2102 negabant
1561 2058 1683 2091 Valen-

945 2101 1084 2143 tiniani,
1102 2106 1138 2135 ut
1155 2105 1289 2135 constat
1305 2112 1349 2135 ex
1367 2103 1485 2136 eadem
1498 2104 1685 2148 appendice

945 2146 988 2180 ad
1005 2147 1144 2180 Tertull.
1161 2147 1202 2180 de
1215 2147 1421 2193 Praescript.
1438 2149 1527 2182 c.49.
1548 2151 1632 2190 ,,τῶν
1651 2149 1684 2182 δὲ

945 2194 1066 2237 νεκρῶν
1095 2190 1264 2225 ἀνάστασιν
1293 2190 1546 2238 ἀπαρνοῦνται,”
1574 2196 1687 2239 inquit

945 2237 1156 2283 Epiphanius
1178 2238 1312 2272 XXXI.
1338 2239 1368 2272 7.
1400 2240 1515 2273 Animi
1538 2242 1684 2274 salutem

945 2295 1005 2328 pro
1037 2284 1294 2318 immortalitate
1326 2284 1411 2319 dixit
1437 2290 1554 2319 noster
1581 2287 1683 2320 etiam

946 2339 1050 2374 supra
1065 2340 1092 2363 c.
1109 2329 1163 2363 35.
1199 2330 1275 2372 (F.)

991 2374 1073 2420 Cap.
1106 2375 1276 2409 XXXIX.
1312 2396 1355 2401 —
1394 2387 1424 2410 a.
1471 2388 1683 2411 successores

945 2420 1067 2466 ipsius]
1092 2420 1168 2454 Non
1185 2421 1228 2454 ad
1243 2421 1477 2456 Ptolemaeum
1497 2424 1608 2457 solum
1625 2424 1683 2457 sed

946 2466 1050 2499 etiam
1073 2466 1117 2499 ad
1141 2467 1329 2500 secundum
1353 2472 1387 2500 et
1410 2468 1496 2502 alios
1514 2469 1683 2514 deinceps‘,

946 2512 1112 2556 proximis
1128 2513 1280 2546 maxime
1294 2513 1462 2558 capitibus
1478 2525 1682 2548 commemo-

946 2562 1039 2591 ratos
1077 2557 1181 2599 refer,
1218 2558 1463 2593 Heracleonem
1477 2586 1485 2601 ‚
1518 2561 1682 2600 Marcum,

947 2602 1181 2637 Colorbasum.
1220 2604 1295 2645 (F.)

991 2649 1023 2681 b.
1049 2653 1193 2693 quatuor
1209 2660 1284 2683 esse
1298 2649 1433 2684 Aeonas
1450 2654 1483 2684 et
1499 2651 1585 2684 alios
1603 2661 1683 2694 qua-

948 2694 1044 2739 tuor]
1083 2694 1242 2739 Intellige
1274 2700 1408 2740 praeter
1439 2700 1474 2729 et
1500 2701 1579 2730 ante
1606 2697 1682 2728 illos

948 2740 1082 2773 Aeones
1098 2741 1257 2785 triginta,
1282 2752 1368 2785 quos
1383 2747 1545 2786 posuerat
1560 2741 1682 2774 Valen-

948 2785 1051 2818 tinus.
1074 2785 1125 2819 Ita
1142 2790 1262 2819 auctor
1277 2787 1473 2832 appendicis
1490 2787 1532 2820 ad
1545 2787 1682 2820 Tertull.

949 2842 976 2864 c.
993 2831 1047 2863 49.
1065 2830 1106 2864 de
1122 2831 1316 2866 Ptolemaeo
1339 2836 1374 2866 et
1389 2832 1561 2866 Secundo:
1583 2834 1680 2869 „Cum

960 2876 1134 2909 Valentino
1158 2889 1224 2921 per
1253 2880 1364 2911 omnia
1395 2880 1612 2916 consentiunt,
1647 2880 1681 2909 1‘11

949 2922 1006 2953 ill«,
1021 2922 1088 2953 solo
1106 2923 1280 2966 differunt:
1300 2935 1375 2956 nam
1395 2936 1464 2954 cnm
1492 2923 1684 2954 Valentinus

950 2967 1086 2999 Aeonas
1114 2973 1240 3001 tantum
1271 2971 1410 3012 triqinta
1431 2970 1598 3012 fitz-risset,
1626 2970 1685 3000 isti

951 3013 1157 3045 addiderunt
1186 3015 1272 3047 alios
1311 3015 1510 3058 confflem-cs:
1542 3020 1683 3056 quatuor

950 3060 1034 3090 enim.
1045 3061 1206 3102 primum,
1228 3060 1346 3092 deinde
1363 3060 1448 3093 alius
1463 3064 1604 3102 quatuor
1622 3072 1681 3103 aq-

1704 877 1769 910 Cap.
1788 876 1912 902 XXXIX.
