2052 3342
1012 204 1209 231 PmLASTRI

343 207 420 248 108

339 315 380 351 et
403 311 619 365 propbeta,
641 311 755 350 cuius
773 314 813 349 et
833 308 1003 350 aliorum
1025 307 1191 360 talium,
1217 307 1371 361 Carra,
1392 310 1547 364 inquit,
1566 310 1879 351 instructionem

334 378 531 434 pos-tahar
553 377 794 418 (zrmorumk.
826 379 927 426 Quia
949 392 1042 427 ergo
1065 377 1228 417 bestiali
1250 391 1363 417 more
1385 392 1409 417 a
1424 380 1600 432 pueritia
1614 377 1666 419 ad
1687 379 1876 433 rapinam

341 452 457 486 erant
479 445 603 485 dediti
628 445 885 485 “huiusmodi
907 445 1107 492 homines.
1132 450 1173 485 et
1194 445 1317 485 veluti
1342 460 1365 485 a
1386 449 1533 487 natura
1553 446 1766 487 hominum
1785 459 1876 487 mo-

342 528 509 566 rumque
532 513 688 554 alienos
711 515 909 568 scriptura
933 515 1151 554 nuntiavit.
1199 514 1303 554 Nam
1325 513 1432 567 quod
1459 513 1519 554 illi
1546 514 1699 568 angeli,
1726 515 1796 568 qui
1822 512 1873 554 de

340 582 450 621 eaelo
473 582 619 622 deiecti
643 587 750 632 sunt,
772 595 852 621 non
876 583 959 621 sint
980 582 1181 622 humanae
1204 582 1396 622 ἵ1111111136
1419 581 1597 635 similes,
1618 596 1701 624 non
1718 585 1783 622 est
1798 580 1874 622 du-

343 650 466 693 bium.
485 651 562 689 nisi
582 649 726 701 solum.
745 651 839 703 quia
857 649 1034 690 nefanda
1051 655 1089 690 et
1109 652 1328 694 contraria,
1347 654 1568 704 contraque
1582 650 1715 703 legem
1730 662 1877 703 sugge-

342 732 446 762 rere,
476 720 595 758 sicuti
626 724 667 757 ct
688 732 794 758 nunc
820 718 1051 758 bominibus
1074 720 1250 770 faciunt,
1280 717 1578 773 praevalebant
1604 719 1807 759 intrantes
1834 719 1879 758 in

341 786 560 829 bomini-sk
589 786 629 826 id
660 791 721 826 est
742 786 981 829 suadentes:
1005 788 1111 826 sicut
1132 786 1294 827 ludaeis
1318 787 1510 826 inimicus
1528 785 1696 827 humani
1715 787 1878 839 generis

342 856 562 909 pei-suasit.
591 860 733 895 contra
754 854 898 894 >deum
928 860 1148 908 contraque
1171 859 1335 895 sanctos
1359 854 1580 909 prophetas
1601 853 1702 895 talia
1721 854 1880 895 scelera

341 928 586 977 perpetrare,
605 924 709 962 sicut
727 924 923 977 ¹<criptum
941 928 1062 963 estffl:
1083 922 1276 975 Intravit,
1298 924 1446 976 inquit„
1466 929 1637 963 satanas
1652 923 1698 963 in
1712 921 1878 963 Iudam.

343 992 400 1030 lta
423 993 543 1039 igitur
564 995 601 1030 et
625 997 718 1031 ante
741 992 942 1031 intrantes
974 991 1174 1031 immundi
1203 992 1374 1045 spiritus
1402 992 1444 1031 in
1476 992 1634 1031 animas
1662 989 1879 1032 hominum

339 1074 383 1099 ac
409 1060 651 1099 seminarum
661 1066 677 1082 ¹¹
699 1059 826 1099 malae
845 1061 1123 1113 persuasionis
1142 1059 1297 1099 scelera
1315 1060 1354 1099 in
1378 1059 1520 1100 orbem
1537 1062 1739 1100 terrarum
1756 1057 1878 1100 diffu-

339 1127 494 1168 derant.
542 1129 582 1167 Si
611 1128 705 1180 '‘⁶⁴1Ui
734 1134 868 1167 autem
899 1129 1103 1181 putaverit
1125 1141 1216 1168 esse
1241 1129 1393 1167 iustum
1414 1126 1580 1179 angelos
1603 1128 1661 1167 ita
1680 1139 1879 1181 peccasse

340 1197 649 1236 transformatos
673 1197 713 1236 in
736 1209 880 1248 carne,
903 1201 946 1235 ut
969 1197 1009 1236 in
1032 1209 1079 1235 ea
1103 1197 1389 1236 ¹⁰remansisse
1412 1199 1483 1236 aut
1504 1196 1561 1235 ita
1582 1195 1711 1236 factos
1734 1208 1879 1236 carna-

339 1263 397 1304 les
420 1263 660 1314 crediderit,
689 1264 867 1304 violenta
890 1266 1045 1304 ratione
1069 1264 1254 1304 decernit
1277 1264 1577 1316 ¹¹liistoriam0,
1600 1264 1723 1304 sicuti
1744 1267 1786 1304 et
1804 1277 1879 1319 pa-

338 1346 536 1386 ganorum
557 1336 594 1372 et
618 1335 827 1386 poetarum
849 1332 1093 1373 mendaciap
1116 1332 1313 1373 adserunt
1342 1332 1440 1373 deos
1470 1331 1649 1386 deasque
1680 1332 1880 1373 transfor-

338 1405 469 1441 matos
488 1401 665 1441 nefanda
684 1402 871 1453 coniugia
889 1402 1157 1441 commisisse.
1192 1400 1308 1450 Quod
1325 1402 1360 1440 si
1380 1400 1535 1441 factum
1547 1403 1610 1441 est
1621 1399 1840 1454 aliquando
1851 1406 1883 1453 ¹³,

338 1474 378 1509 et
400 1472 507 1509 i'iunc
533 1470 616 1509 lieri
641 1483 721 1509 non
746 1471 823 1509 erit
843 1469 1102 1521 ambiguum:
1133 1468 1239 1523 quod
1269 1474 1408 1509 autem
1433 1482 1515 1510 non
1536 1469 1692 1509 factum
1712 1472 1776 1509 est
1804 1468 1881 1510 ali-

339 1537 515 1593 quando,
537 1551 612 1578 nec
634 1537 752 1579 modo
776 1539 863 1578 lieri
885 1539 1152 1578 manifestum
1174 1540 1248 1578 est.
1296 1536 1327 1561 1²
1340 1537 1463 1590 Gigas
1485 1540 1623 1578 autem
1644 1540 1686 1578 et
1705 1538 1750 1578 in
1771 1536 1878 1579 bono

1773 1659 1806 1696 8.
1825 1660 1884 1695 do-

1735 1705 1788 1742 12.
1814 1705 1887 1752 Gy·

428 1662 458 1696 (3.
478 1662 645 1695 eiusmodi
663 1663 705 1706 (Α
718 1662 759 1705 )Ι).
819 1661 850 1696 7.
869 1666 1012 1695 naturae
1030 1661 1170 1703 similes,
1187 1672 1256 1695 non
1270 1664 1323 1695 est
1339 1661 1491 1702 dubium,
1508 1660 1576 1695 nisi
1592 1673 1653 1696 om.
1668 1661 1714 1696 A.

338 1707 472 1742 minum
489 1708 534 1742 Α.
584 1708 615 1742 9.
635 1708 709 1752 quis
728 1708 771 1752 (A
784 1708 824 1751 )l).
894 1708 943 1742 10.
970 1718 1069 1741 carne
1087 1707 1257 1742 mansisse
1274 1708 1320 1742 A.
1388 1707 1438 1743 ll.
1463 1705 1607 1741 historia
1622 1707 1668 1742 A.

339 1764 400 1798 gas
421 1753 462 1788 Β.
493 1753 539 1785 Iit
556 1756 604 1786 ita
622 1754 728 1797 rulyo.

336 1856 376 1889 ad
399 1856 410 1888 1
429 1856 521 1889 Sam.
536 1855 641 1889 XVII.
659 1860 691 1888 et
704 1855 822 1889 Rever.
839 1855 963 1890 Paulus
979 1855 1073 1889 Chri-

336 1902 467 1934 stianus
502 1900 738 1941 Ilillisvherus,
770 1906 886 1945 pastor
910 1903 1073 1935 ecclesiae

336 1947 548 1987 Dresdonsis,
566 1947 599 1979 in
616 1947 685 1979 vita
701 1946 860 1988 uoliathi,
879 1958 982 1992 quam
1000 1959 1074 1981 eru-

336 1993 414 2025 ditis
432 1998 463 2024 et
481 1992 636 2025 iucundis
655 1997 809 2026 ornatam
831 1993 1075 2026 observationi-

336 2038 400 2071 bus
414 2049 492 2070 cum
506 2039 746 2071 commentario
761 2039 794 2071 111
808 2038 982 2072 I'salmum
996 2050 1076 2083 apo-

338 2082 506 2127 cryphum
531 2083 610 2116 CLI.
635 2089 667 2116 et
691 2084 835 2127 epistola
864 2084 904 2117 de
930 2083 1002 2129 Oge
1027 2085 1077 2129 gi-

338 2129 504 2206 ganteFin
526 2129 638 2162 lucem
661 2129 763 2162 edidit
791 2128 956 2163 Budissao
982 2130 1076 2163 1716.

381 2219 414 2252 k.
441 2219 544 2252 Carra
560 2220 671 2264 inquit
690 2220 947 2254 instructionem
963 2225 1076 2265 porta-

338 2266 395 2298 bat
406 2267 592 2308 armorum]
618 2264 739 2298 Carrus
754 2266 824 2298 sive
834 2277 927 2299 carra
941 2268 1076 2311 proprie

337 2311 479 2355 plaustri
490 2310 609 2344 Gallici
619 2321 739 2355 genus,
757 2322 823 2355 quo
833 2312 1077 2356 impedimenta

336 2357 577 2401 imponebant,
608 2356 696 2389 unde
733 2358 927 2401 σκευοφόρος
955 2358 1077 2391 dicitur

337 2402 512 2446 interpreti
542 2401 671 2435 Graeco
701 2401 865 2435 Caesaris.
916 2403 999 2435 Vide
1028 2403 1074 2436 Io.

338 2447 539 2481 Scheferum
552 2447 593 2480 de
609 2447 659 2480 Re
672 2446 863 2481 Vehiculari
877 2448 933 2481 lib.
944 2448 974 2481 L).
984 2460 1012 2481 c.
1023 2448 1076 2481 28.

348 2505 370 2526 1.
387 2493 462 2526 329.
500 2492 680 2526 Caeterum
710 2493 799 2526 unde
828 2492 891 2526 hoc
919 2493 1078 2527 habuerit

336 2505 548 2579 imiamins,
564 2538 692 2578 nescio,
709 2538 798 2582 quod
813 2538 852 2571 de
868 2549 964 2571 carra
979 2540 1076 2572 intel-

336 2585 439 2624 lexit,
469 2583 560 2628 quod
587 2584 643 2617 alii
671 2584 712 2616 de
741 2584 910 2627 armigero
943 2585 957 2617 1
984 2584 1076 2618 Sani.

337 2629 445 2663 XVII.
463 2629 493 2662 7.
514 2627 573 2670 „‘O
592 2627 689 2673 ot't'pmv
706 2628 746 2661 τὰ
762 2627 849 2661 ὅπλα
867 2628 965 2661 αὐτοῦ
984 2634 1074 2668 &1223

340 2679 473 2713 πῃπῇ
505 2675 738 2718 προεπορεύετο
770 2673 901 2707 αὐτοῦ.”
939 2674 1076 2708 Pondus

338 2731 512 2753 armorum
531 2719 690 2760 Goliathi,
707 2720 921 2763 Augustinus
945 2719 1077 2753 Calme-

338 2770 393 2799 tus
410 2769 507 2799 notat
523 2765 712 2798 excessisse
727 2766 833 2798 libras
850 2765 924 2798 272.
973 2766 1048 2807 (F.)

390 2812 412 2844 1.
436 2812 602 2844 intrantes
615 2811 651 2844 in
664 2809 833 2853 homines]
852 2810 1076 2855 Suggerendo

340 2860 374 2889 et
391 2856 433 2889 ad
456 2856 549 2889 mala
571 2856 753 2897 incitando,
780 2856 870 2900 quod
895 2854 1076 2900 ἐμβάλλειν,

339 2900 551 2946 ὑποβάλλειν7
568 2900 754 2946 ἐγγλύφειν,
772 2900 992 2946 ὑι-.οτι’Θεσ()οιι7
1017 2902 1078 2934 διε-

340 2946 450 2991 γείρειν
464 2952 595 2981 veteres
605 2947 713 2980 dicere
723 2952 980 2981 consueverunt.
994 2947 1078 2981 Vide

339 2992 545 3069 DIamasceni
559 2993 725 3027 Parallela
741 2992 847 3027 Sacra
864 2993 900 3026 T.
911 2992 941 3026 2.
959 3004 992 3037 p.
1003 2992 1078 3026 (348.

340 3040 356 3078 (
391 3039 480 3079 abr.)

1185 1867 1231 1890 m.
1256 1856 1345 1889 sicut
1361 1855 1525 1900 scriptum
1541 1854 1611 1900 est]
1636 1854 1814 1890 10111X111.
1830 1854 1886 1889 27.

1145 1900 1302 1945 »εἶςῆλθεν
1320 1900 1360 1940 εἰς
1377 1899 1494 1934 ἐκεῖνον
1513 1899 1529 1933 ὁ
1548 1900 1719 1939 σατανᾶς.”
1766 1900 1841 1942 (F.)

1199 1970 1233 1992 n.
1257 1959 1436 1993 hominum
1460 1968 1499 1992 ac
1517 1958 1739 2000 feminarum]
1766 1957 1885 1991 Homi-

1143 2015 1204 2038 nes
1220 2016 1281 2050 pro
1291 2005 1371 2038 viris
1380 2004 1486 2049 ponit,
1495 2007 1644 2048 utsupra
1652 2013 1679 2036 c.
1691 2003 1743 2036 17.
1763 2003 1886 2044 „Idola

1145 2050 1307 2083 lwminum
1318 2062 1360 2083 (tc
1369 2048 1633 2090 mulierum,”ubi
1640 2047 1715 2082 vide
1723 2048 1754 2082 si
1761 2048 1875 2095 placei:

1145 2106 1165 2129 a
1181 2106 1236 2129 me
1252 2099 1381 2129 notata.
1428 2094 1503 2137 (F.)

1191 2164 1222 2186 o.
1246 2152 1397 2186 decernit
1411 2151 1603 2194 historiam]
1633 2150 1747 2196 Supra.
1762 2161 1790 2185 6.
1810 2150 1884 2185 101.

1147 2200 1368 2242 „comlz'qnam
1404 2199 1553 2231 dominus
1580 2199 1731 2231 decernit
1759 2202 1884 2231 senten-

1145 2247 1226 2277 tiam
1243 2243 1483 2277 enunciando.”
1528 2242 1604 2285 (F.)

1189 2312 1221 2345 p.
1238 2311 1452 2345 paganorum
1466 2303 1499 2333 et
1530 2298 1887 2342 oetarummendacia]

1144 2346 1258 2379 Etiam
1275 2344 1377 2390 atque
1393 2346 1498 2379 etiam
1537 2355 1596 2378 aec
1611 2345 1679 2378 illis
1696 2345 1888 2390 exprobata

1145 2403 1165 2425 a
1183 2391 1384 2426 Christianis
1402 2391 1624 2435 scriptoribus
1646 2391 1683 2424 in
1699 2391 1884 2435 praeclaris

1146 2438 1216 2471 suis
1236 2437 1405 2482 apologiis
1431 2436 1594 2469 adversus
1625 2440 1762 2480 gentes,
1786 2446 1808 2469 a
1829 2436 1884 2470 Iu·

1145 2484 1235 2516 stino
1244 2483 1407 2527 Martyre,
1419 2481 1592 2515 Clemente
1599 2481 1710 2524 Alex„
1719 2481 1883 2523 Arnobio,

1144 2529 1366 2569 Tertulliano,
1388 2527 1578 2567 Lactantio,
1593 2527 1747 2561 Minucio
1762 2526 1886 2569 Felice,

1146 2572 1410 2615 Commodiano,
1439 2572 1526 2606 Iulio
1554 2571 1701 2606 Firmino
1729 2573 1884 2618 aliisque.

1145 2622 1162 2660 (
1163 2619 1196 2651 F
1195 2622 1266 2652 abr.
1267 2623 1285 2660 )

1167 2687 1198 2720 q.
1217 2675 1314 2716 Quod
1329 2676 1358 2709 si
1374 2675 1503 2708 factum
1516 2677 1569 2707 est
1582 2674 1780 2719 aliquando]
1798 2674 1884 2709 Vide

1143 2722 1345 2765 interpretes
1368 2721 1411 2754 ad
1426 2720 1652 2754 Ecclesiastae
1668 2720 1692 2754 Ι.
1711 2720 1744 2753 9.
1767 2723 1801 2754 61
1818 2719 1884 2754 Ga-

1144 2766 1301 2800 takerum
1317 2778 1349 2811 p.
1368 2765 1443 2799 257.
1460 2765 1503 2798 ad
1518 2765 1565 2798 M.
1582 2766 1748 2799 Antonini
1763 2765 1834 2800 VII.
1855 2765 1883 2799 l.

1147 2811 1365 2845 Gassendum
1387 2811 1427 2845 de
1449 2809 1669 2856 Philosophia
1690 2810 1829 2856 Epicuri
1849 2822 1884 2856 p.

1150 2857 1222 2890 166.
1252 2858 1412 2891 Melissus
1430 2855 1568 2890 Samius
1585 2856 1676 2901 apud
1698 2855 1884 2902 Palaepha-

1145 2906 1236 2935 tum:
1256 2900 1400 2945 ,,’Έστιν,
1417 2899 1438 2934 ἃ
1458 2900 1593 2947 ἐγένετο,
1610 2904 1676 2946 νῦν,
1694 2901 1746 2934 καὶ
1762 2899 1883 2934 ἔσται.”

1145 2948 1192 2981 Μ.
1201 2948 1394 2981 Antoninus
1405 2946 1482 2982 XII.
1491 2946 1544 2980 26.
1563 2946 1650 2989 »Πᾶν
1665 2945 1702 2979 τὸ
1716 2947 1883 3004 γινόμενον

1147 2992 1250 3031 οὕτως
1274 2990 1319 3025 ἀεὶ
1347 2991 1466 3037 ἐγίνετο
1490 2991 1542 3025 καὶ
1565 2991 1731 3037 γενήσεται
1753 3004 1806 3026 και
1829 2995 1883 3026 νῦν

1147 3041 1299 3084 παταχοῦ
1314 3037 1465 3083 γίνετα1.”
1511 3037 1586 3080 (F.)
