2052 3374
683 201 734 226 DE
753 202 988 230 HAERESIBUS
1006 206 1129 232 LIBER.
1600 216 1681 257 225

129 298 209 328 tuus
234 296 339 330 etiam
360 308 421 341 pro
444 300 570 333 nostris
592 304 762 346 peccatis,
795 316 873 339 cum
897 317 938 340 ea
961 319 1049 353 quae
1074 321 1142 344 non
1166 316 1327 357 rapuerat
1348 315 1574 359 persolveret,
1596 317 1680 352 deus

127 339 230 374 homo
247 351 268 374 a
283 343 428 376 mortuis
444 354 628 389 resurgens
646 349 798 383 ascendit
814 351 849 384 in
867 353 1011 388 caelum.

215 386 423 432 Eutychiani
444 390 487 423 ab
511 390 665 436 Eutyche
690 396 838 439 quodam
864 396 1265 446 Constantinopolitanae
1290 405 1454 440 ecclesiae
1477 408 1678 453 presbytero

126 432 243 470 (addit
252 435 388 476 quidam
402 436 506 468 codex
517 438 702 484 monacho)
720 443 830 475 exorti
844 448 939 485 sunt,
957 446 1016 490 qui
1033 458 1112 480 cum
1125 448 1296 484 videretur
1308 451 1456 487 refutare
1469 453 1677 497 Nestorium,

125 476 161 509 in
183 477 416 522 Apollinarem
439 480 751 530 Manichaeumque
776 489 948 530 transivit,
980 495 1014 524 et
1034 490 1256 528 humanitatis
1281 497 1317 529 in
1341 496 1476 532 Christo
1501 499 1677 545 denegans

124 522 320 566 veritatem,
344 526 507 570 quicquid
531 538 552 560 a
575 531 678 563 verbo
702 536 840 566 nostrae
856 536 1074 579 proprietatis
1090 544 1265 584 receptum
1283 546 1351 584 est,
1375 543 1510 578 divinae
1527 550 1677 580 tantum-

123 567 226 602 modo
249 570 390 603 ascribit
412 574 618 616 sententiae,
644 580 682 609 ut
704 583 959 614 sacramentum
984 583 1103 616 salutis
1128 583 1316 629 humanae,
1342 590 1432 632 quod
1456 602 1527 625 non
1551 593 1619 625 nisi
1642 594 1676 626 in

124 616 268 658 utraque
291 615 486 650 substantia
508 623 559 652 est
581 625 746 664 nostram,
770 624 805 657 in
831 623 966 659 Christo
983 632 1143 663 naturam
1160 632 1318 675 negando
1337 634 1553 678 dissolveret,
1571 639 1677 672 stulta

122 658 299 704 impietate
314 671 384 695 non
400 664 553 698 sentiens
571 667 729 701 universo
747 671 877 714 corpori
894 671 1021 706 auferri
1038 675 1129 718 quod
1146 678 1252 720 capiti
1267 678 1442 715 defuisset.

210 704 346 740 Harum
361 707 549 743 haeresium
567 718 657 745 certe
678 713 910 749 Timotheauos
924 720 1020 761 *infra
1037 732 1161 765 quoque
1174 723 1463 768 deprehendemus,
1481 731 1516 761 in
1532 736 1675 774 quatuor

124 749 368 794 Gennadianis,
391 756 428 786 in
445 757 632 800 appendice
649 759 754 792 libelli
767 760 1185 808 Pseudo-Hieronymiam’.
1221 768 1264 801 In
1281 772 1353 805 eod.
1372 784 1430 806 ms.
1449 786 1538 807 saec.
1567 774 1671 811 VIII.

119 796 174 828 vel
186 795 254 831 IX.
272 798 349 831 olim
366 798 535 842 Bohiensi,
551 814 638 836 nune
663 803 908 840 Vindobonensc
930 821 960 842 n.
988 809 1162 846 CCCXII.
1183 816 1336 858 capitula
1357 821 1477 861 spuria
1496 821 1536 853 de
1552 820 1673 854 Nesto-

119 843 232 874 rianis
254 849 287 876 et
306 842 535 888 Eutychianis
556 850 627 881 iam
642 851 707 894 fol.
721 849 781 884 20.
799 864 828 885 υ.
851 855 1000 897 epistolis
1027 855 1276 895 Quodvultdeus
1294 866 1490 905 praemissa
1513 873 1604 907 sant,
1629 868 1671 900 ab

120 886 194 920 alia
208 893 340 922 vetusta
356 901 467 932 manu,
485 904 558 925 cum
575 893 641 927 Ιιαε
658 901 736 928 nota
746 909 757 929 .·
776 896 860 938 „hoc
873 899 1132 945 adiungendum
1146 907 1198 936 est
1213 904 1249 938 in
1262 905 1330 940 fine
1344 910 1519 953 sequentis
1534 912 1672 946 libelli.’'

120 931 171 976 C's.
193 931 384 968 Endliclzer
408 936 520 972 Catal.
547 938 650 975 Codd.
675 941 798 977 Philol.
818 943 935 980 Latin.
960 945 1050 981 Bibl.
1068 948 1185 982 Palat.
1210 950 1350 987 Vindob.
1363 965 1401 998 p.
1419 953 1503 990 216.
1537 957 1581 989 In
1598 960 1670 992 cod.

117 988 174 1011 ms.
200 977 320 1014 Veneto
335 979 370 1014 S.
386 981 506 1015 Marc-2·
517 986 577 1028 (ef.
594 984 737 1020 Zanettz'
753 987 864 1023 Catal.
883 996 956 1024 tom.
973 992 1027 1025 II.
1038 1005 1076 1038 p.
1094 993 1168 1036 42.)
1186 994 1251 1029 leae
1270 998 1357 1031 duae
1373 999 1531 1033 haereses
1556 1005 1670 1047 infime

117 1023 222 1056 libelli
234 1031 313 1058 sunt
325 1027 467 1061 additae
483 1040 555 1062 cum
572 1029 639 1064 hae
655 1038 732 1065 nota
743 1047 752 1065 :
772 1034 942 1080 „Explicit
958 1037 1044 1071 liber
1060 1039 1100 1073 de
1116 1040 1336 1078 Haeresibus.
1383 1044 1477 1079 Haec
1494 1047 1560 1081 duo
1579 1050 1670 1094 capi-

115 1068 190 1102 tula.
204 1080 292 1114 quae
314 1078 525 1116 sequuntur,
548 1076 681 1110 scilicet
695 1077 906 1122 Nestoriani,
929 1082 1137 1128 Eutychiani
1153 1097 1173 1119 a
1189 1087 1223 1120 S.
1242 1088 1386 1124 Vinadio
1405 1093 1484 1133 (sie)
1509 1094 1668 1139 episcopo

114 1114 323 1150 MarsflienS1
347 1120 427 1161 (sic)
452 1119 610 1155 dicuntur
632 1125 800 1168 apposita.
847 1126 964 1172 Aliqui
978 1133 1096 1164 tamen
1112 1131 1191 1165 libri
1206 1132 1334 1167 habent
1349 1136 1418 1169 ista
1434 1137 1500 1171 duo
1519 1140 1669 1184 capitula

114 1163 193 1194 ante
207 1161 305 1196 illum
321 1162 436 1198 locum
453 1167 610 1210 superius
626 1169 795 1213 positum:
827 1171 916 1206 Ecce
941 1185 1045 1219 quam
1065 1177 1191 1211 multas
1216 1184 1563 1217 commemoravimus
1588 1184 1667 1219 hae-

113 1207 240 1241 reses.⁷'
286 1208 330 1241 In
346 1210 612 1246 ante-Maurinis
633 1215 819 1259 Auqustinz'
835 1220 1034 1254 editionibus
1056 1228 1088 1255 et
1102 1230 1258 1267 quartam
1275 1227 1316 1259 de
1330 1227 1667 1265 Praedestinatz‘anis

113 1252 267 1286 additam
282 1255 430 1288 inveniri
450 1269 501 1290 me
523 1259 644 1292 docent
660 1261 765 1295 verba
779 1262 954 1299 Sirmondi
970 1265 1060 1302 Hist.
1078 1267 1290 1304 Praedeetiu.
1310 1284 1338 1307 e.
1360 1273 1405 1314 6.,
1423 1281 1455 1307 et
1475 1275 1533 1309 le.
1554 1277 1666 1321 Ittiqii

112 1297 153 1330 de
167 1297 434 1334 Haereeiarclzis
449 1301 593 1338 Dia-sert.
609 1305 727 1351 Praef.
737 1320 824 1353 paq.
842 1310 895 1344 11.

1317 3134 1356 3167 15
