2084 3374
824 212 1046 238 PRAEFATIO.
1652 227 1727 254 XUI

185 314 358 368 Christo,
377 314 586 370 ylebulam
606 315 728 369 hane⁷
747 318 893 372 nia-qni
913 318 1011 372 aqri
1026 316 1244 371 reliquias,
1267 316 1422 371 adleyi,
1443 314 1728 357 subleuandae

178 397 326 436 matris
347 395 561 437 Ecclesiae
569 396 690 451 fanti
708 397 949 448 destinatas,
977 395 1034 437 Te
1048 411 1197 451 maqne
1211 396 1399 452 praesul,
1423 397 1530 437 tanti
1542 397 1731 451 mysterii

175 475 513 530 paranymphum
533 490 730 531 royamus
753 483 789 517 et
808 483 976 531 mysten,
1006 483 1075 517 tuo
1096 477 1255 529 merito,
1285 478 1392 518 uotis
1412 477 1578 529 nostris,
1607 490 1728 531 quem

183 553 327 597 Gallia
347 556 489 607 omnis,
511 557 703 597 uirorum
723 570 881 611 semper
899 557 1059 608 neurim,
1080 558 1188 597 inter
1205 557 1342 598 doctos
1361 571 1464 612 quos
1481 556 1612 609 habet,
1633 557 1728 597 iure

177 635 459 676 doctissimum
465 650 479 684 ,-
499 636 608 676 inter
628 642 793 677 sanctos
816 650 917 691 quos
927 635 1022 690 J'ert
1041 636 1202 689 multos,
1224 651 1320 678 uere
1340 638 1645 678 sanctissimum
1666 637 1727 677 sie

175 721 293 756 amat
312 722 348 756 et
368 716 562 770 suscipit,
594 723 640 756 ut
661 729 781 770 quem
801 715 1072 756 Borromaeis
1094 716 1333 769 adeenseat,
1353 732 1437 758 non
1459 717 1532 758 diu
1553 718 1606 757 sit
1627 731 1723 772 que-

176 797 313 836 situra
325 797 565 850 posteritas,
587 796 800 837 carolum
829 796 1011 845 carolo,
1042 796 1115 836 sed
1133 811 1223 837 sero
1244 797 1419 849 utinam,
1443 798 1724 838 commissura.

173 875 248 928 At,
270 874 384 928 haee,
407 876 586 928 tantilla,
610 876 732 928 dices,
756 876 832 930 qui
849 882 967 916 tanta
990 874 1164 916 debeas?
1185 876 1257 916 sed
1277 876 1480 917 desiderio
1500 891 1588 918 meo
1609 879 1662 918 sit
1681 878 1725 917 in

171 969 369 1012 praesens
385 956 500 1007 satis,
522 961 568 996 ut
589 956 659 997 cui
668 956 885 1010 ‘qrauioris
905 970 1053 1011 operae
1073 954 1088 1010 [f
1106 957 1318 997 materiem
1334 956 1598 1009 destinamus,
1617 957 1726 1009 olim,

175 1034 325 1076 habeat
344 1036 510 1076 interim
530 1042 666 1076 testem
686 1035 794 1077 hane
807 1035 1085 1091 professionis
1111 1051 1195 1077 non
1214 1037 1407 1091 inyratae
1424 1051 1600 1092 prorsus
1629 1052 1725 1093 syn-

171 1114 382 1171 qrapham
403 1130 511 1171 quae
531 1114 609 1156 tibi
625 1130 687 1156 me
707 1130 866 1171 semper
887 1114 1128 1158 obstrictum
1156 1124 1193 1158 et
1220 1116 1442 1171 benefieiis,
1472 1117 1671 1173 loquatur
1691 1124 1728 1158 et

175 1196 357 1251 exemplo
385 1194 484 1237 Tibi
503 1194 851 1251 obsequentissim.
908 1194 966 1238 Cl.
989 1197 1235 1239 Alsenardus.
1285 1196 1514 1253 Iuliomayi
1536 1197 1727 1239 Andium

171 1276 286 1332 prid.
307 1274 420 1317 Non.
442 1275 558 1331 Auy.
581 1274 711 1317 1616.

259 1356 579 1398 consultabat
608 1356 896 1413 Aac-qustimzm
935 1355 1246 1408 Quodvultdeus
1281 1365 1319 1399 et
1347 1357 1539 1399 hereseon
1561 1357 1730 1414 petebat

173 1436 346 1490 indices,
376 1438 490 1492 quod
507 1438 639 1478 variis
667 1438 941 1492 scriptionum
967 1438 1122 1492 viqiliis
1152 1444 1378 1493 occupatus
1405 1453 1539 1491 senex,
1570 1438 1730 1480 distulit

178 1516 264 1569 diu,
287 1523 324 1557 et
344 1517 402 1558 ad
419 1516 670 1573 Hieronymi
688 1524 913 1559 tractatum
939 1518 1084 1558 similis
1113 1519 1350 1573 arqunienti
1368 1519 1499 1560 voluit
1524 1519 1729 1560 *remisisse

177 1596 271 1638 licet
291 1598 523 1652 quaesitum
544 1612 625 1653 per
655 1597 821 1638 chartas
841 1612 940 1639 suas
963 1597 1078 1639 haud
1090 1599 1278 1653 potuerit
1296 1599 1480 1640 invenire
1488 1632 1500 1652 ,
1523 1598 1597 1641 hoe
1618 1600 1727 1640 testi-

175 1677 312 1718 monio
335 1677 457 1719 docta
470 1679 697 1733 posteritas
718 1679 930 1719 iacturam
951 1666 1082 1719 doluit
1102 1693 1259 1733 semper
1280 1686 1317 1719 et
1337 1686 1481 1734 questa
1503 1687 1571 1721 est.
1627 1678 1729 1721 Cum

175 1757 308 1814 iyitur
327 1758 436 1799 inter
458 1759 640 1799 eariolas
655 1765 884 1814 putresque
902 1758 1164 1800 membranas
1184 1766 1283 1815 post
1303 1759 1462 1802 Isidori
1487 1762 1629 1816 capita
1650 1760 1727 1800 ali-

177 1844 278 1894 quot
297 1836 366 1879 lib.
389 1837 429 1879 8.
453 1838 502 1879 de
523 1837 786 1893 Philosophis
803 1840 988 1895 qentium
1016 1847 1054 1880 et
1074 1841 1245 1881 caeteris
1274 1841 1461 1896 adusque
1483 1839 1583 1881 libri
1607 1839 1728 1881 huius

174 1917 296 1965 finem
321 1917 578 1973 Opusculum
598 1918 674 1960 sub
696 1918 943 1975 Hieronymi
960 1920 1122 1961 nomine
1138 1920 1384 1975 leyissemzw,
1406 1920 1481 1962 hoo
1501 1911 1634 1973 titulo,
1654 1919 1717 1961 In=

177 1998 279 2054 cipit
306 1997 525 2040 Indieulus
553 1998 804 2055 Hieronymi
831 1999 880 2040 de
908 1998 1105 2041 haeresib.
1135 2000 1241 2042 nihil
1265 2002 1486 2056 indiynum
1511 2002 1646 2043 visum
1674 2008 1732 2041 est

175 2079 286 2120 tanti
299 2080 437 2134 patris
457 2079 562 2135 stylo
580 2094 779 2134 curaque,
796 2080 869 2120 sed
883 2080 1028 2135 aliqua
1049 2087 1107 2121 tot
1120 2095 1227 2135 pene
1245 2080 1376 2123 verbis
1395 2081 1608 2137 cataloyus
1625 2082 1729 2122 seri-

168 2164 342 2213 ptorum
363 2157 485 2200 habet
504 2158 730 2211 haesimus,
761 2166 896 2200 tamen
923 2160 1234 2215 aliquantulum
1263 2177 1355 2203 eum
1374 2163 1419 2203 in
1439 2160 1729 2217 Lueiferianis

175 2237 297 2279 habet
316 2238 392 2281 hoe
412 2253 544 2294 usque
565 2239 684 2295 apud
704 2239 910 2294 quendam
931 2246 1086 2293 tamen,
1117 2242 1234 2282 euius
1255 2256 1401 2282 nomen
1420 2243 1466 2283 in
1486 2242 1625 2283 eodem
1644 2242 1730 2282 eius

178 2318 377 2374 opusculo
397 2333 482 2360 non
502 2320 644 2361 inwni
662 2320 707 2360 in
728 2318 945 2361 haereticis
967 2320 1241 2375 luciferianos
1255 2323 1416 2377 positos
1439 2322 1520 2377 leyi
1530 2336 1611 2377 per
1631 2321 1731 2363 haec

177 2397 324 2451 verba,
355 2412 463 2454 quae
491 2399 556 2442 hie
584 2398 705 2440 habet
732 2400 898 2441 totidem
924 2400 1095 2455 syllabis
1131 2408 1177 2442 ut
1206 2416 1364 2443 neeesse
1386 2402 1528 2457 fuerit
1560 2403 1730 2458 iynora-

175 2484 274 2531 tum,
290 2479 551 2521 sanctissimo
572 2481 677 2532 viro,
695 2478 796 2521 libri
808 2479 1131 2537 Hieronymiani
1145 2482 1321 2522 titulum.
1357 2480 1577 2536 Quidquid
1589 2482 1643 2522 sit
1658 2480 1731 2521 hoe

175 2559 437 2600 venerandae
457 2560 722 2615 antiquitatis
742 2568 1050 2602 monumentum
1069 2576 1153 2603 non
1170 2563 1310 2617 perire
1332 2562 1441 2603 tanti
1454 2561 1559 2616 fuit.
1617 2560 1728 2602 Vale.

258 2636 320 2679 De
341 2642 507 2681 auctore
528 2639 650 2681 huius
679 2639 869 2694 opusculi
896 2641 1000 2682 nihil
1029 2645 1193 2683 constat
1219 2642 1300 2682 nisi
1320 2641 1621 2695 Hieronymum
1648 2651 1728 2679 non

166 2730 280 2758 esse.
314 2718 525 2768 Quaedam
547 2720 636 2760 eius
657 2720 885 2774 particulae
907 2725 1005 2762 sunt
1025 2735 1075 2762 ex
1096 2722 1339 2775 Hieronymi
1362 2721 1411 2762 (le
1427 2719 1731 2762 Ecclesiasticis

176 2796 457 2852 Seriptoribus
478 2798 582 2841 libro
606 2800 820 2854 repetitae,
842 2800 923 2842 alia
944 2815 994 2842 ex
1014 2800 1185 2854 Isidoro,
1215 2801 1296 2842 alia
1317 2815 1365 2842 ex
1397 2799 1625 2851 Gennmlio⁷
1652 2797 1732 2837 alia

175 2889 225 2917 ex
247 2877 360 2931 aliis,
381 2880 534 2933 partim
555 2880 883 2934 antiquioribus,
913 2881 1184 2936 scriptoribus
1215 2881 1445 2935 desumpta.
1493 2880 1548 2920 lo.
1577 2878 1624 2918 A.
1654 2877 1730 2918 Fa-

175 2955 332 2999 bricius
347 2957 456 3000 hunc
478 2958 668 3001 libellum
690 2972 789 3000 suae
805 2959 1004 3002 Phjlastri
1026 2960 1197 3002 editioni
1215 2960 1380 3013 addere⁷
1401 2963 1495 3014 post
1515 2962 1667 3010 autem,
1688 2962 1734 2997 ut

175 3042 315 3078 narrat
337 3039 378 3078 in
399 3038 660 3081 Praefatione
684 3039 737 3080 ad
757 3038 972 3082 Philastrii
995 3040 1159 3093 librum,
1183 3044 1369 3095 separato
1400 3039 1494 3079 dare
1525 3036 1731 3078 volumine
