2100 3342
165 303 230 336 Cup.
248 303 295 329 IV.

319 190 343 232 8
1010 181 1204 208 l’HlLASTRl

435 291 655 333 Dositheus
684 290 850 343 quidam
878 290 1040 342 postea,
1069 285 1242 327 Iudaeus
1270 293 1455 339 genere⁸‚
1492 299 1616 327 ausus
1643 289 1707 326 cst
1727 284 1863 326 dicere

320 360 549 402 secundum
567 372 731 400 caruem
750 357 882 397 solum
905 369 994 396 esso
1020 355 1264 396 vivendumh
1288 356 1329 395 iu
1352 354 1438 407 lege
1461 354 1638 407 domini,
1664 353 1795 407 deque
1819 367 1866 393 ea

323 443 403 469 non
426 442 597 483 sperans
626 427 966 467 resurrectionem
990 425 1205 475 suturam“‚
1239 437 1313 464 nec
1343 423 1407 463 dei
1431 423 1623 477 spiritum
1643 436 1718 463 nec
1740 435 1864 476 ange-

322 498 405 539 lum
423 511 511 538 esse
530 494 741 546 crctlcns‘¹‚
768 508 842 535 uec
867 493 1048 535 futurum
1072 492 1290 534 iudicium⁰
1314 491 1362 533 dc
1381 491 1468 544 lege
1486 494 1608 546 atque
1627 490 1858 548 prophetis‘

322 572 555 621 expectans.

411 678 490 723 Cap.
511 677 564 710 IV.
592 680 623 708 in
654 676 757 709 Balw.
784 678 978 720 inscriptum
1005 675 1105 708 hahet
1128 674 1336 708 Dosrrncvs.
1356 693 1398 698 ——

344 794 423 837 t'ap.
433 792 486 825 iv.
498 812 538 816 —-
547 802 576 824 a.
588 790 771 824 Dositlieus
782 790 920 835 quidam
930 794 1061 834 postea,

322 838 465 871 Iudaeus
486 838 625 880 genere]
646 837 706 870 liic
727 842 777 869 est
797 837 903 881 quiin
920 835 1062 868 ludaeo-

323 883 790 921 rumlibris‹licitur‘ptrzff
801 887 919 915 etcum
930 886 1026 919 {⁸³22

320 930 426 961 ΝιΙιίιι
445 931 473 971 (a
492 939 559 972 quo
573 927 993 971 sectaSebmworumapud
1007 926 1061 959 Ni-

321 980 431 1007 cetam
457 974 513 1007 lib.
537 974 561 1006 l.
593 972 759 1007 Thesauri
781 985 809 1006 c.
832 972 896 1012 35.)
919 972 1062 1004 traditur

323 1021 355 1053 in
371 1020 567 1064 captivitate
578 1019 757 1062 Assyriam
771 1024 922 1062 tempore
932 1019 1060 1050 ¹<euua-

322 1064 869 1098 cheribidocuisseSamaritanos.
888 1063 1064 1096 YideDru-

324 1111 412 1144 sium
432 1110 485 1143 lll.
503 1110 533 1143 4.
560 1110 599 1142 de
625 1110 735 1142 Sectis
760 1110 941 1142 llebraeor.
967 1113 998 1141 et
1023 1108 1062 1140 ad

322 1157 487 1189 Minerva!
505 1156 629 1188 Serarii
640 1167 667 1187 c.
681 1156 728 1187 lo.
748 1161 777 1187 et
790 1154 977 1195 Lightsooti
990 1154 1063 1186 Dis-

323 1202 436 1245 quisit.
463 1199 774 1245 chorographicam
806 1199 846 1232 ad
878 1199 1063 1232 Iohannem

339 1262 354 1279 ·.
370 1247 444 1279 5³:24.
468 1246 545 1279 edit.
569 1246 768 1291 Lipsiensis.
805 1245 951 1286 Eulogio
975 1245 1061 1289 apud

323 1260 482 1325 i'hotiuni
507 1292 587 1324 (od.
607 1292 680 1324 2:30.
700 1303 730 1335 p.
749 1291 824 1323 4136.
843 1296 984 1323 vocatur
1002 1291 1064 1322 34-

325 1338 417 1378 σθης,
442 1343 473 1370 et
492 1343 677 1370 sectatores
696 1337 768 1369 eius
788 1335 962 1376 305071204,
987 1336 1062 1368 aliis

275 1390 280 1395 '
326 1384 379 1415 ille
399 1382 564 1420 Δοσίθεος,
589 1381 622 1415 hi
648 1381 833 1414 §.03:03QO
856 1388 887 1413 et
906 1380 1062 1413 Δοσίθεος.

326 1428 486 1461 ludaeum
505 1434 616 1469 grente.
635 1433 665 1459 et
685 1432 802 1472 postea
821 1427 862 1460 ad
877 1427 1063 1459 Samaritas

324 1474 512 1506 accessisse
527 1474 641 1506 scribit
653 1472 861 1517 Epiphanius
871 1471 1002 1505 haeresi
1016 1472 1064 1504 153.

325 1525 355 1551 vt
382 1519 516 1552 Nicetas
540 1519 612 1551 loco
637 1518 786 1551 laudato.
820 1519 906 1551 llinc
930 1518 986 1550 alii
1004 1517 1064 1550 Sa-

326 1565 530 1598 maritanum
561 1565 748 1608 appellant,
779 1569 809 1596 et
840 1563 1065 1596 Samaritani<

325 1621 476 1643 errorum
501 1621 640 1642 suorum
665 1615 854 1649 ain-torem,
879 1610 982 1641 etiam
1006 1609 1067 1641 Sa-

326 1654 1067 1699 maritanicorruptoreml'entateuchifuisse

326 1701 490 1733 scribunt.
531 1701 616 1733 Cum
645 1699 707 1733 hoc
737 1701 878 1744 antiquo
902 1699 1066 1732 Dositheo

327 1746 540 1779 confundunt
554 1746 683 1789 passim
692 1746 794 1778 etiam
806 1745 910 1789 prisci
924 1745 1066 1789 scripto-

327 1803 380 1824 res
398 1802 450 1824 res
475 1791 616 1823 iunioris
637 1790 788 1823 liosithei
812 1790 928 1824 itidem
947 1790 1064 1823 Sama-

327 1837 444 1875 ritani,
469 1847 570 1880 quem
593 1836 744 1868 Simonis
769 1836 864 1879 Magi
886 1836 1064 1880 aequalem

328 1882 456 1915 faciunt
481 1886 512 1914 et
537 1893 596 1926 pro
614 1881 743 1914 Messia
764 1881 901 1913 tradunt
924 1893 960 1913 se
985 1893 1064 1914 ven—

328 1928 466 1960 ditasse.
492 1927 616 1960 Confer
633 1927 662 1959 si
676 1927 785 1971 placet
801 1925 1007 1960 Cotelerium
1025 1927 1066 1959 ad

329 1973 602 2006 constitutiones
620 1972 836 2016 Apostolicas
853 1971 909 2004 YI.
923 1972 952 2004 S.
977 1977 1010 2005 et
1028 1972 1066 2006 D.

329 2017 413 2051 Tho.
432 2017 587 2061 lttigium
604 2018 638 2050 in
656 2017 771 2050 limine
795 2017 917 2050 eruditi
934 2018 1010 2050 libri
1028 2018 1067 2051 de

328 2062 581 2096 llaeresiarchis
606 2063 726 2095 aetatis
751 2062 978 2107 Apostolicae.
1018 2063 1070 2096 Ita.

330 2112 448 2142 auctor
476 2107 766 2151 R-ecognitionum
795 2118 882 2151 quae
910 2108 1070 2151 leguntur

330 2155 394 2187 sub
418 2154 556 2187 nomine
580 2152 765 2186 Clementis
789 2153 847 2186 lib.
869 2153 896 2186 1.
914 2164 942 2186 e.
960 2153 1012 2186 54.
1031 2153 1070 2186 de

330 2198 492 2233 Dositheo
506 2203 671 2243 tanquam
685 2198 888 2232 Sadducaici
900 2198 1071 2243 dogmatis

331 2245 482 2289 principe
500 2244 666 2288 loquitur,
690 2248 724 2277 et
744 2255 829 2277 mox
850 2243 942 2276 idem
963 2244 1021 2277 lib.
1040 2244 1070 2277 2.

331 2302 359 2323 c.
377 2289 408 2323 S.
434 2288 637 2323 Dositheum
660 2290 804 2333 triginta
826 2289 1072 2333 discipulorum

331 2341 363 2368 et
381 2336 416 2369 in
433 2335 484 2368 his
504 2335 655 2368 Simonis
668 2335 764 2378 Magi
779 2335 985 2379 magistrum
1001 2346 1072 2368 me·

331 2384 452 2414 morat.
477 2380 529 2413 Ab
547 2380 610 2413 hoc
628 2380 762 2413 videtur
778 2379 935 2413 hausisse
955 2380 1072 2423 Orige-

332 2437 392 2459 nes
422 2437 509 2495 quae
537 2424 641 2458 habet
661 2426 719 2458 lib.
738 2424 768 2459 6.
792 2429 911 2458 contra
934 2424 1073 2458 Celsum

344 2484 364 2505 ι.
384 2470 458 2504 282.
477 2471 536 2516 qui
552 2476 586 2504 et
603 2471 758 2515 pluribus
777 2471 852 2504 aliis
869 2471 954 2503 locis
971 2469 1071 2503 huius

331 2484 488 2550 bosithei
515 2516 672 2549 meminit
699 2520 737 2549 ut
764 2516 822 2549 lib.
843 2516 871 2549 1.
899 2527 932 2560 p.
957 2515 1009 2549 44.
1040 2520 1075 2549 et

332 2566 466 2596 tractat.
485 2561 537 2595 27.
561 2562 595 2595 in
612 2560 734 2594 Matth.
753 2565 786 2594 et
805 2561 855 2594 14.
879 2561 915 2594 in
931 2560 1071 2594 Iohann.

332 2620 365 2653 p.
383 2607 458 2641 219.
475 2618 546 2652 seq.
564 2607 643 2640 edit.
660 2607 786 2648 Huetii,
803 2611 841 2639 ut
856 2607 1072 2651 Hegesippus

333 2664 469 2698 quoque
506 2652 596 2697 apud
623 2652 811 2685 Eusebium
832 2651 888 2685 IV.
912 2651 964 2685 22.
987 2652 1072 2685 Hist.

332 2699 462 2732 Eccles.
479 2698 684 2742 Hippolytus
708 2697 798 2742 apud
813 2696 973 2730 Photium
991 2696 1072 2730 Cod.

337 2744 408 2777 121.
439 2742 671 2777 Theodoretus
694 2743 752 2775 lib.
772 2743 800 2776 1.
823 2743 863 2775 de
885 2742 1072 2776 Haereticis

333 2790 358 2822 F
362 2790 414 2823 ab.
433 2801 460 2823 c.
479 2789 520 2830 2.,
539 2789 597 2833 qui
619 2799 663 2821 ex
681 2788 831 2825 Simonis
849 2787 983 2821 haeresi
999 2792 1073 2820 tan-

335 2846 437 2879 quam
455 2846 499 2868 ex
521 2834 737 2867 amarissima
758 2833 871 2866 radice
892 2832 1072 2866 Dosithea-

335 2892 397 2913 nos
421 2881 469 2913 ait
491 2880 754 2925 propullulasse.
794 2882 838 2911 At
853 2878 1074 2911 Philastrium

335 2929 492 2959 nostrum
512 2937 583 2958 non
605 2924 645 2958 de
669 2924 784 2968 aliquo
810 2923 961 2957 Simonis
977 2924 1075 2968 Magi

337 2972 471 3015 aequali
487 2971 547 3004 sed
564 2970 605 3004 de
621 2970 725 3014 longe
743 2969 933 3014 antiquiore
949 2969 1008 3002 illo
1026 2969 1074 3002 lo-

337 3016 395 3061 qui
406 3017 625 3062 perspicuum
639 3018 701 3057 est,
716 3015 797 3060 quia
808 3026 892 3048 mox
905 3025 932 3049 c.
946 3014 977 3048 5.
992 3014 1075 3048 Sad-

1131 790 1254 822 docum
1273 788 1551 821 Sadducaeorum
1575 791 1750 821 auctorem
1773 792 1872 821 vocat

1132 836 1222 868 illius
1237 835 1453 878 discipulum,
1471 832 1611 878 perinde
1628 837 1666 866 ut
1679 837 1797 867 auctor
1814 844 1871 878 ap-

1133 880 1283 925 pendicis
1302 879 1342 911 ad
1361 879 1500 912 Tertull.
1519 882 1553 911 et
1569 878 1798 923 Hieronymus
1816 878 1872 911 ad-

1131 937 1249 958 versus
1272 925 1419 958 Lucifer.
1459 924 1678 957 Sadducaeos
1707 935 1751 957 ex
1774 923 1873 957 Dosi-

1132 971 1246 1004 theaui
1264 971 1385 1003 erroris
1404 970 1516 1003 radice
1539 973 1722 1013 surgentes
1745 973 1779 1003 et
1796 969 1874 1014 Epi-

1132 1016 1277 1060 phanius
1307 1015 1439 1048 haeresi
1466 1015 1514 1048 14.
1558 1013 1782 1059 ,ἀπόσπασμα
1810 1013 1873 1046 ἀπὸ

1136 1061 1310 1094 Amulio-J*
1329 1061 1489 1106 appellat.
1516 1060 1566 1093 Ita
1582 1060 1720 1094 Nicetas
1739 1071 1875 1106 quoque

1136 1108 1191 1140 lib.
1214 1108 1239 1140 1.
1258 1106 1422 1140 Thesauri
1440 1117 1467 1139 c.
1485 1105 1539 1139 33.
1588 1106 1661 1147 (F.)

1189 1153 1218 1185 l».
1245 1152 1434 1185 secuudum
1451 1163 1586 1185 carnem
1605 1152 1716 1185 solum
1734 1162 1810 1184 esse
1828 1151 1875 1184 vi-

1135 1198 1282 1231 vendum
1307 1198 1340 1230 in
1366 1198 1442 1239 lege
1459 1197 1610 1240 domini]
1642 1196 1714 1230 Hoc
1747 1200 1814 1237 est,
1839 1200 1873 1229 ut

1134 1245 1325 1288 explicatur
1342 1243 1452 1287 capite
1470 1254 1505 1275 se
1532 1247 1645 1283 uente,
1662 1242 1746 1275 ritus
1765 1246 1876 1275 exter-

1135 1301 1197 1322 nos
1224 1289 1310 1330 legis
1335 1289 1502 1321 observari
1529 1299 1584 1328 OS,
1615 1287 1707 1332 quod
1731 1287 1875 1332 diligen-

1134 1335 1201 1367 tius
1234 1335 1276 1367 ab
1310 1332 1528 1367 Dositheanis
1561 1333 1690 1367 factum
1723 1333 1878 1367 scribunt.

1135 1380 1386 1419 Damascenus,
1403 1378 1541 1412 Nicetas
1560 1382 1594 1411 et
1610 1378 1678 1412 alii.
1709 1379 1780 1413 Hoc
1800 1392 1877 1412 car-

1136 1427 1260 1457 „aliov-
1293 1428 1403 1458 vii-ere
1441 1424 1520 1457 dicit
1552 1423 1754 1457 Philastrius
1788 1435 1816 1458 c.
1845 1423 1876 1458 8.

1135 1471 1305 1511 Quoniam
1322 1481 1402 1503 vero
1419 1470 1702 1503 resurrectionem
1721 1480 1778 1503 eos
1802 1469 1877 1503 infi-

1135 1517 1242 1549 ciatos
1261 1527 1336 1549 esse
1350 1527 1432 1548 mox
1447 1515 1606 1555 affirmat,
1624 1515 1759 1560 possint
1775 1515 1878 1549 etiam

1137 1563 1238 1595 verba
1261 1562 1321 1594 illa
1344 1561 1452 1605 accipi
1475 1561 1540 1602 sic,
1570 1564 1608 1594 ut
1635 1561 1737 1594 solum
1761 1560 1821 1593 hoc
1844 1563 1877 1593 in

1139 1621 1278 1652 corpore
1303 1608 1473 1639 rii-endum
1504 1618 1572 1639 esse
1600 1606 1753 1639 docuerit
1780 1606 1879 1640 Dosi-

1137 1653 1253 1691 theus,
1277 1651 1568 1697 quemadmodum
1591 1651 1631 1685 de
1654 1651 1880 1686 Samaritanis

1137 1704 1186 1731 cst
1211 1699 1299 1732 infra
1323 1709 1351 1732 c.
1370 1697 1412 1738 7.‚
1438 1697 1490 1731 vel
1521 1697 1609 1742 legis
1632 1697 1879 1742 promissiones

1138 1756 1204 1777 non
1230 1743 1369 1777 extendi
1398 1743 1485 1777 ultra
1515 1746 1732 1788 praesentem
1761 1742 1878 1776 vitam.

1137 1790 1275 1831 (Faltr.)
1774 1827 1778 1832 .

1181 1848 1208 1868 c.
1235 1836 1343 1880 deque
1363 1845 1403 1868 ea
1419 1845 1487 1868 non
1501 1844 1643 1879 sperans
1662 1834 1880 1868 resurrectio-

1135 1892 1213 1914 nem
1222 1881 1387 1923 futuram]
1406 1879 1530 1925 Utpote
1545 1879 1603 1924 qui
1615 1882 1759 1924 negaret
1771 1890 1789 1912 e
1803 1880 1880 1924 lege

1136 1927 1229 1960 illam
1252 1925 1396 1981 probari
1431 1936 1550 1970 posse:
1584 1922 1707 1967 Ἀπεκή
1728 1935 1800 1957 utre
1828 1924 1880 1957 καὶ

1138 1971 1192 2014 τὴν
1207 1971 1411 2014 &vastatorias
1425 1971 1535 2015 inquit
1548 1970 1588 2003 de
1601 1970 1700 2004 Dosit
1727 1981 1766 2003 eo
1779 1970 1880 2004 Eulo-

1138 2019 1215 2061 gius
1246 2017 1336 2062 apud
1363 2015 1524 2050 Photium
1547 2014 1628 2050 Cod.
1653 2014 1729 2049 230.
1752 2027 1783 2060 p.
1801 2015 1879 2049 467.

1138 2063 1198 2096 ubi
1227 2074 1269 2096 ex
1299 2063 1394 2096 libris
1422 2061 1555 2106 Moysis
1584 2071 1660 2095 eam
1688 2060 1879 2095 confirmat.

1139 2108 1428 2153 Recognitionum
1446 2118 1582 2152 quoque
1599 2109 1718 2140 auctor
1734 2117 1805 2140 non
1822 2107 1881 2140 ob-

1140 2165 1238 2187 scure
1261 2154 1373 2187 innuit
1396 2164 1416 2186 a
1432 2151 1596 2186 Dositheo
1618 2151 1710 2185 hunc
1732 2163 1881 2186 errorem

1139 2200 1313 2244 accepisse
1323 2198 1551 2233 Sadducaeos.
1567 2196 1694 2231 Contra
1701 2197 1881 2231 admisisse

1139 2245 1423 2278 resurrectionem
1435 2244 1559 2277 diserte
1572 2242 1881 2288 scribuntEpipha-

1140 2291 1227 2329 nius,
1245 2290 1382 2323 Nicetas
1406 2294 1439 2323 et
1461 2289 1528 2322 alii.
1557 2288 1672 2322 Etiam
1689 2292 1807 2322 auctor
1823 2299 1881 2335 ap-

1140 2336 1292 2379 pendicis
1301 2335 1342 2368 ad
1355 2335 1494 2368 Tertull.
1512 2338 1546 2367 et
1557 2334 1786 2378 Hieronymus
1801 2344 1881 2368 con-

1141 2385 1193 2413 tra
1226 2381 1462 2414 Lueiferianos
1493 2379 1633 2412 tradunt
1661 2378 1881 2414 Sadducaeos

1142 2437 1287 2460 errorem
1304 2430 1451 2471 negatae
1473 2424 1731 2458 resurrectionis
1755 2425 1797 2458 ad
1813 2425 1881 2459 Do-

1142 2470 1242 2504 sithei
1257 2471 1415 2505 haeresin
1432 2470 1612 2504 addidisse.
1646 2470 1680 2503 S.
1696 2469 1881 2504 Damasce-

1142 2528 1206 2549 nus
1225 2517 1318 2550 velut
1334 2516 1575 2551 conciliaturus
1592 2518 1664 2548 tam
1681 2515 1834 2549 diversas
1848 2520 1883 2549 et

1141 2567 1336 2606 pugnantes
1350 2563 1437 2595 inter
1450 2572 1486 2594 se
1500 2561 1699 2602 sententias,
1713 2560 1881 2606 quosdam

1143 2608 1265 2641 saltem
1287 2607 1574 2641 Dositheanorum
1595 2606 1882 2640 resurrectionem

1142 2652 1291 2686 suturam
1308 2653 1490 2686 credidisse
1507 2651 1634 2685 scribit.
1684 2651 1756 2694 (F.)

1195 2698 1225 2731 d.
1250 2710 1312 2731 nec
1343 2699 1397 2731 dei
1425 2697 1583 2743 spiritum
1610 2707 1673 2730 nec
1702 2697 1879 2741 angelum]

1142 2743 1217 2776 vid.
1245 2743 1410 2788 Eulogius
1440 2742 1530 2787 apud
1555 2741 1717 2775 Photium
1747 2753 1780 2787 p.
1803 2742 1881 2776 468.

1141 2789 1169 2821 A
1179 2788 1404 2822 Samaritanis
1420 2792 1536 2821 tamen
1549 2787 1692 2832 angelos
1710 2787 1882 2832 repudiari

1142 2838 1247 2878 negat
1264 2833 1474 2879 Epiphanius
1497 2832 1631 2866 haeresi
1650 2832 1700 2866 14.
1723 2831 1881 2867 haeresin

1142 2879 1237 2912 illam
1250 2879 1528 2913 Sadducaeorum
1538 2878 1712 2923 propriam
1723 2881 1881 2912 testatus.

1144 2924 1296 2958 Observa
1318 2936 1418 2979 porro
1447 2923 1538 2969 quod
1559 2923 1673 2957 Actor.
1696 2922 1826 2957 XXIH.
1849 2922 1881 2957 8.

1143 2969 1270 3013 legitur
1302 2969 1375 3003 οὔτε
1399 2967 1554 3014 ἄγγελον,
1579 2967 1652 3001 οὔτε
1674 2971 1816 3013 πνεῦμα,
1847 2969 1882 3002 id

1144 3026 1164 3048 a
1180 3014 1361 3050 Philastrio
1380 3015 1419 3049 de
1441 3014 1562 3060 spiritu
1579 3025 1606 3048 s.
1624 3014 1799 3059 explicari.
1831 3013 1882 3048 Ita

1361 3087 1372 3105 0
