2052 3374
1653 195 1733 236 397

192 307 335 332 manum
350 297 495 342 porrigit
510 297 739 342 Hieronymus
754 298 791 331 in
806 297 912 330 Amos
930 307 1002 342 cap.
1015 295 1113 330 XIX.
1126 296 1184 330 fol.
1201 295 1274 330 123.
1303 296 1445 335 Quando
1463 298 1578 329 anima
1594 297 1736 328 vinculis

193 344 314 377 laxata
332 346 513 388 corporee'S,
531 344 670 376 rolandi
684 356 744 387 quo
762 344 850 383 velit,
875 345 944 375 siz-e
967 355 1026 386 quo
1050 345 1101 375 ‘ire
1119 343 1337 386 compellitur,
1361 341 1519 375 habuerit
1538 342 1734 382 libertatem,

194 394 255 423 aut
269 390 317 422 ad
331 391 466 432 inferna
485 390 633 429 ducetur,
651 395 711 422 aut
726 390 774 422 ad
790 389 950 421 caelestia
967 388 1202 421 sublevabitur.
1242 387 1284 420 Et
1300 387 1483 432 Augustin.
1502 387 1542 420 de
1565 391 1734 432 peccator.

192 434 323 468 meritis
340 438 374 467 et
388 435 589 468 remissione
606 445 680 479 cap.
698 433 856 468 XXVIII.
892 433 969 467 Non
987 440 1036 466 est
1051 435 1135 466 ullus
1150 434 1212 465 ulli
1228 434 1318 466 locus
1335 435 1469 473 medius,
1487 439 1523 465 ut
1532 436 1643 477 possit
1656 444 1734 472 esse,

193 482 261 514 πίει·
276 492 348 513 cum
365 481 508 519 diaholo,
534 483 668 524 quinon
686 487 735 513 est
757 492 829 512 cum
847 479 989 513 Chri-sto.
1030 480 1137 512 Autor
1160 477 1403 523 hypognostici
1425 479 1556 512 articul.
1579 478 1620 513 V.
1645 478 1736 523 apud

191 525 375 570 Augustin.
393 529 474 559 tom.
490 525 562 558 VII.
578 525 637 558 fol.
655 525 729 559 957.
754 525 903 558 Primum
920 526 1022 557 locum
1033 526 1122 568 fide-s·
1139 524 1379 557 catholicorum
1398 525 1514 557 (licina
1533 527 1736 557 auctoritate

191 582 329 614 reynum
342 572 452 604 credit
467 583 535 604 esse
549 572 733 604 caelorum:
749 572 927 603 seeundum
939 570 1140 613 yehenuanu
1160 573 1287 602 tertium
1301 573 1435 614 penitus
1452 572 1654 612 iynoramus,
1671 572 1735 602 imo

192 627 253 649 nec
269 628 338 649 esse
354 620 389 649 in
411 619 590 661 seripturis
613 619 724 649 sacris
746 618 957 650 inveniemus.
996 616 1104 648 Autor
1124 615 1163 648 de
1186 615 1341 648 rectitud.
1365 614 1520 648 catholic.
1545 619 1736 648 conversat.

191 661 284 706 apud
294 661 483 707 Augustin.
502 666 585 696 tom.
605 661 634 695 9.
651 661 710 695 fol.
728 661 803 695 797.
826 660 949 694 Scitote
965 662 1052 705 quod
1067 663 1183 694 anima
1202 673 1271 693 cum
1291 674 1311 693 a
1326 672 1466 705 corpore
1484 661 1650 701 avellitur,
1667 666 1737 693 sta-

192 710 250 740 tim
265 709 301 740 in
311 709 482 752 paradiso
496 720 560 752 pro
584 708 676 740 bouis
698 707 861 751 operibus,
886 712 946 739 aut
966 712 1053 740 certe
1065 719 1130 750 pro
1155 707 1253 739 malis
1277 709 1309 738 in
1335 709 1463 750 inferno
1481 709 1738 751 praecipitatur

193 755 358 786 continuo.
395 753 438 786 Et
453 751 507 786 his
523 753 627 797 longe
644 753 816 797 antiquior
831 752 982 785 Iustinus
999 752 1130 795 Martyr
1145 752 1181 785 in
1195 756 1326 795 quaest.
1344 756 1377 784 et
1393 762 1545 796 respons.
1563 751 1606 784 ad
1623 750 1737 785 ortho-

193 797 273 832 dox.
291 799 483 843 quaestion.
501 798 643 832 LXXV.
659 798 718 831 fol.
735 797 811 831 339.
836 796 996 830 Ἐνταῦθα
1013 796 1069 842 μὲν
1086 797 1126 829 τα
1142 799 1196 839 τῆς
1214 796 1356 835 ἕνώσεως
1374 795 1478 829 πάντα
1495 796 1584 830 κοινὰ
1601 795 1737 841 ὑπάρχει

193 843 325 876 δικαίων
342 855 375 876 τε
399 843 452 876 καὶ
476 843 612 887 ἀδίκων,
638 844 691 875 καὶ
715 842 849 888 οὐδεμία
871 841 953 875 ἐστὶν
979 841 1009 875 ἐν
1034 841 1142 881 αὐτοῖς
1172 841 1310 887 διαφορὰ
1340 842 1422 875 κατὰ
1444 845 1550 874 τοῦτο.
1591 838 1668 876 Οἷον
1698 842 1735 874 το

193 889 339 934 γενέσθαι
355 889 407 922 καὶ
426 888 463 922 τὶ)
483 886 709 930 ἀποθνήσκειν,
727 888 780 921 καὶ
797 888 833 920 τὸ
855 887 1019 933 ὑγιαίνειν,
1038 887 1090 920 καὶ
1107 887 1144 920 το
1162 890 1282 931 νοσεῖν,
1308 887 1360 920 καὶ
1382 888 1418 920 τὶ)
1438 887 1605 931 πλουτεῖν,
1630 887 1682 920 καὶ
1699 887 1735 920 τὸ

193 934 360 978 πένεσθαι,
385 934 437 968 καὶ
462 934 501 967 τὰ
518 932 603 967 ἄλλα
620 934 659 966 τὰ
676 934 799 972 τούτοις
817 932 923 978 ὅμοια.
961 933 1052 967 Μετὰ
1076 932 1110 966 δὲ
1127 932 1182 976 τὴν
1200 932 1234 966 ἐκ
1251 936 1308 966 τοῦ
1335 933 1486 978 σώματος
1513 931 1623 972 ἔξοδον
1646 933 1736 972 εὐθὺς

218 979 313 1013 ίνεται
334 982 399 1013 τῶν
424 979 555 1013 δικαίων
580 991 612 1012 τε
635 979 688 1012 καὶ
712 979 829 1012 ἀδίκων
854 978 873 1021 ἦ
900 978 1065 1021 διαστολή.
1106 976 1263 1024 ’Άγονται
1287 979 1347 1023 γὰρ
1366 978 1428 1011 ὑπὸ
1446 981 1510 1011 τῶν
1529 977 1678 1024 ἀγγέλων
1696 977 1736 1017 εἷς

194 1025 298 1065 αξξους
316 1025 423 1058 αὐτῶν
440 1026 569 1064 τόπους.
611 1024 648 1058 Αἱ
665 1023 721 1070 μὲν
745 1026 809 1057 τῶν
830 1025 960 1057 δικαίων
983 1025 1083 1069 ’.ξιυγαὶ
1107 1022 1147 1063 εἰς
1171 1024 1225 1056 τὀν
1250 1024 1459 1069 παράδεισον,
1486 1022 1559 1056 ἔνθα
1584 1025 1737 1069 συντυγιά

193 1082 227 1104 τε
243 1071 296 1104 καὶ
314 1071 369 1104 θέα
385 1068 536 1116 ἀγγέλων
553 1082 587 1103 τε
611 1070 662 1103 καὶ
688 1068 922 1115 ἀρχαγγέλων,
948 1070 1018 1103 κατ’
1041 1064 1196 1103 ’ὀπτασίαν
1222 1069 1257 1103 δὲ
1279 1070 1331 1102 καὶ
1354 1074 1412 1102 τοῦ
1437 1073 1582 1114 σωτῆρος
1598 1065 1736 1115 Χριστοῦ

194 1115 278 1150 κατὰ
299 1115 336 1149 τ“ο
362 1115 536 1162 εἰρημένον,
565 1114 805 1159 Ἐκδημοῦντες
828 1114 861 1148 ἐκ
885 1119 942 1148 τοῦ
968 1115 1130 1161 σώματος,
1154 1115 1206 1148 καὶ
1223 1114 1431 1160 ἐνδημοῦντες
1449 1115 1528 1160 πρὸς
1546 1114 1600 1148 τὀν
1618 1115 1734 1160 κύριον.

193 1161 232 1195 Αἱ
259 1160 294 1195 δὲ
314 1163 380 1195 τῶν
396 1160 516 1195 ἀδίκων
535 1161 647 1207 ψυγαὶ,
666 1160 707 1199 εἷς
724 1161 797 1200 τους
816 1159 846 1194 ἐν
864 1164 912 1205 τῷ
927 1161 987 1205 ᾅδῃ
1002 1162 1138 1204 τόπους,
1157 1161 1239 1194 κατὰ
1255 1160 1291 1193 τὶ)
1310 1159 1473 1206 εἰρημένον
1498 1161 1568 1205 περὶ
1592 1164 1649 1193 τοῦ
1672 1161 1737 1194 Να-

195 1207 439 1253 βουχοδονόσορ
458 1202 615 1251 βασιλέιιῖς
638 1206 842 1251 Βαβυλῶνος.
884 1205 923 1240 ‘O
943 1207 1020 1251 ᾅδης
1038 1206 1178 1239 κάτωθεν
1196 1205 1367 1251 ἐπικράνθη
1386 1207 1583 1249 συναντήσας
1601 1219 1662 1250 σοι,
1686 1206 1738 1239 καὶ

193 1252 234 1286 τὰ
260 1248 339 1295 ἕξῆς.
379 1253 441 1286 Καί
464 1251 538 1286 εἰσιν
561 1251 592 1285 ἐν
617 1255 684 1291 τοῖς
717 1251 812 1291 ἀξίοις
842 1251 949 1285 αὐτῶν
974 1254 1084 1291 τόποις
1110 1252 1348 1297 φυλαττόμεναι
1371 1252 1429 1290 ἕως
1454 1254 1508 1294 τῆς
1539 1251 1659 1297 ἡμέρας
1683 1254 1738 1294 τῆς

193 1297 398 1338 ἀναστάσεως
415 1298 467 1332 καὶ
484 1295 743 1336 ἀνταποδόσεως.
769 1298 807 1331 Id
824 1303 892 1339 est,
917 1299 959 1331 In
984 1298 1050 1332 bac
1077 1301 1145 1331 rita
1163 1311 1247 1343 quae
1265 1301 1298 1331 in
1314 1301 1432 1332 unione
1450 1301 1602 1342 corporis
1619 1305 1650 1331 et
1665 1301 1738 1331 ani-

192 1356 268 1378 mae
283 1345 456 1388 obtinqunt
470 1347 655 1378 communia
672 1351 748 1378 sunt
762 1346 921 1377 iustorum
939 1351 969 1377 et
984 1347 1178 1378 iniustorum
1196 1347 1323 1377 omnia:
1341 1351 1372 1378 et
1389 1345 1480 1377 nulla
1498 1349 1546 1376 est
1561 1347 1617 1384 eis,
1635 1356 1738 1389 quan-

194 1396 261 1423 tum
278 1391 327 1424 ad
341 1389 402 1424 hoc
413 1393 563 1435 pertinet
578 1391 789 1434 differentia.-
805 1392 907 1422 sicuti
919 1392 1018 1433 yiqni
1039 1397 1070 1423 et
1085 1392 1179 1429 mori,
1198 1391 1310 1423 valere
1323 1396 1354 1423 et
1370 1396 1559 1433 aeyrotare,
1578 1391 1739 1423 ditescere

193 1441 228 1469 et
241 1447 347 1480 eyere,
365 1443 397 1470 et
409 1437 481 1469 alia
498 1435 590 1469 hisce
606 1437 744 1468 similia.
767 1435 849 1468 Post
863 1438 983 1469 exitum
1003 1447 1077 1468 cero
1096 1438 1282 1468 animarum
1301 1449 1317 1468 e
1335 1447 1474 1479 corpore
1490 1436 1582 1468 illico
1599 1437 1680 1467 iusti
1695 1435 1737 1468 ab

193 1484 327 1516 iniustis
341 1487 572 1526 seyreyantnr.
596 1481 820 1514 Abducuntur
835 1483 920 1514 enim
938 1481 979 1514 ab
998 1482 1128 1524 anqelis
1145 1483 1192 1514 ad
1208 1482 1375 1524 condz'qna
1391 1481 1457 1514 sibi
1472 1481 1558 1514 loca.
1573 1481 1626 1513 Ae
1641 1483 1739 1514 iusto-

193 1539 267 1560 rum
283 1528 413 1572 quidem
430 1529 564 1560 animae
579 1529 615 1560 in
625 1528 841 1571 paradisum,
857 1527 918 1559 ubi
933 1528 1164 1560 consuetudine
1177 1533 1209 1559 et
1224 1534 1359 1570 aspectu
1368 1529 1533 1569 fruuntur
1547 1527 1739 1570 anqelorum

194 1579 228 1606 et
250 1572 549 1616 archataqelorum5
568 1584 634 1617 per
657 1575 813 1606 visionem
836 1578 944 1605 autem
967 1579 999 1606 et
1017 1576 1124 1617 ipsius
1145 1574 1329 1605 servatoris
1353 1572 1481 1605 Christi
1498 1584 1564 1616 pro
1588 1584 1624 1605 eo
1642 1578 1738 1616 atque

194 1619 320 1652 dictum
344 1624 409 1651 est:
429 1629 573 1663 pereyre
595 1618 749 1652 absumus
771 1631 793 1651 a
818 1629 967 1662 corpore,
999 1624 1030 1650 et
1046 1624 1244 1662 praesentes
1268 1619 1425 1651 adsumus
1449 1619 1542 1661 apud
1565 1619 1738 1652 dominum.

194 1663 397 1697 Iniustorum
415 1670 524 1697 autem
546 1666 681 1697 animae
696 1666 732 1696 in
755 1666 860 1708 ipsius
880 1663 962 1696 Orci
977 1665 1070 1703 toccu
1089 1676 1154 1708 pro
1177 1676 1212 1696 eo
1240 1670 1336 1707 atque
1361 1665 1484 1696 dictum
1502 1669 1550 1695 est
1565 1664 1604 1696 de
1620 1663 1739 1696 Nabu-

195 1709 418 1743 chodonosore
432 1721 512 1754 reqe
528 1709 731 1753 Babylonis:
748 1712 898 1754 infernus
912 1709 1024 1742 subter
1040 1709 1260 1742 exacerbatus
1277 1715 1326 1742 est
1341 1711 1372 1742 in
1390 1720 1561 1742 occursum
1580 1710 1741 1742 adrentus

194 1757 253 1796 tui,
270 1761 331 1789 etc.
362 1755 411 1788 Et
425 1761 643 1789 asservantur
659 1767 804 1800 quaeque
819 1758 854 1788 in
872 1756 954 1788 locis
969 1767 1004 1788 se
1021 1756 1142 1799 depuis,
1160 1767 1258 1800 usque
1275 1756 1323 1788 ad
1338 1757 1592 1788 resurrectionis
1608 1761 1640 1789 et
1654 1766 1738 1788 com-

187 1803 400 1846 pensationis
414 1802 511 1836 diem.

263 1845 345 1904 Cap.
367 1846 513 1880 LXXX.
531 1867 575 1872 —
612 1845 827 1880 Poenitentia
850 1846 979 1880 aboleri
999 1847 1154 1892 peccata]
1195 1844 1387 1891 Ἐπειδῆπερ
1413 1844 1471 1878 οὐκ
1494 1843 1576 1878 ἔστιν
1600 1844 1740 1890 ἁμαρτία

196 1889 432 1938 ἆσυγχωρητος
455 1890 543 1937 παρὰ
563 1895 612 1937 τῷ
630 1891 711 1936 θεῷ,
729 1890 760 1925 ἐν
777 1894 844 1930 τοῖς
868 1891 1008 1937 γνησίως
1026 1891 1078 1924 καὶ
1095 1892 1164 1924 κατ’
1182 1889 1269 1930 ἀξίαν
1288 1894 1506 1936 μετανοοῦσιν.
1530 1890 1738 1925 Athanasius

196 1938 237 1972 de
253 1941 418 1972 communi
434 1941 576 1971 essentia
589 1940 713 1982 patris,
732 1939 849 1982 etfihi,
867 1944 898 1971 et
911 1940 1051 1983 spiritus
1067 1941 1180 1971 sancti
1193 1942 1276 1972 tom.
1293 1937 1317 1970 I.
1334 1937 1393 1971 fol.
1409 1936 1486 1972 392.
1515 1937 1680 1970 Alcuinus
1699 1936 1740 1970 de

195 1982 318 2018 divinis
333 1983 455 2017 officiis
471 1983 530 2018 fol.
550 1983 645 2017 1922.
690 1983 826 2028 Oportet
848 1984 896 2017 ad
912 1986 1158 2028 paenitentiam
1178 1985 1341 2017 accedere
1359 1995 1431 2016 cum
1444 1986 1533 2016 omni
1547 1984 1691 2027 fiducia,
1710 1989 1742 2016 et

196 2040 236 2063 ex
243 2030 315 2074 fide
332 2030 470 2063 credere
485 2029 724 2069 indubitanter,
745 2032 954 2073 paenitentia
973 2030 1102 2062 aboleri
1115 2041 1210 2073 posse
1230 2035 1387 2074 peecata,
1413 2031 1547 2062 etiamsi
1568 2031 1604 2061 z'n
1626 2029 1739 2061 ultimo

194 2077 286 2109 vitae
301 2077 424 2118 spiritu
442 2077 615 2108 commissa
629 2077 814 2119 paeniteat.
841 2073 1016 2119 Chrysost.
1032 2080 1115 2108 tom.
1133 2075 1173 2108 V.
1191 2086 1292 2108 serm.
1311 2075 1351 2108 de
1373 2075 1501 2119 poenit.
1519 2078 1551 2107 et
1566 2074 1602 2107 in
1618 2073 1738 2107 Matth.

195 2130 270 2166 cap.
284 2119 341 2153 VI.
356 2119 464 2154 homil
479 2119 560 2154 XX.
585 2119 777 2154 Theodoret
793 2120 934 2154 divinor.
953 2120 1076 2154 decret.
1092 2121 1231 2165 epitom.
1248 2121 1307 2154 fol.
1324 2121 1400 2154 415.
1436 2120 1591 2154 Lactant.
1608 2120 1666 2153 lib.
1683 2119 1738 2154 VI.

195 2175 268 2211 cap.
285 2165 414 2200 XXIV.
453 2166 560 2199 Autor
583 2165 623 2200 de
645 2165 712 2199 fide
737 2165 779 2199 ad
801 2165 889 2200 Petr.
907 2166 1047 2200 Diacon.
1066 2176 1140 2211 cap.
1157 2166 1213 2200 III.
1252 2165 1454 2200 Bachiarius
1480 2165 1520 2199 de
1537 2165 1738 2211 recipiendis

194 2210 302 2256 lapsis
324 2210 383 2245 fol.
407 2211 484 2246 419.
506 2215 589 2244 tom.
613 2210 638 2246 1.
664 2210 816 2245 biblioth.
839 2216 985 2256 patrum.
1008 2210 1176 2258 Epiphan.
1198 2211 1331 2246 haeresi
1353 2211 1443 2246 LIX.
1487 2211 1672 2257 Augustin.
1699 2210 1739 2244 de

197 2266 309 2302 agone
326 2255 517 2291 Christiano
535 2267 609 2302 cap.
625 2257 742 2290 XXX.
759 2262 793 2291 et
806 2257 940 2292 XXXI.

262 2301 477 2336 Novatianus
494 2304 561 2345 est]
585 2302 616 2336 Is
633 2302 787 2344 docebat,
803 2305 890 2348 quod
900 2309 978 2348 post
993 2303 1189 2348 baptismum
1200 2307 1378 2349 paenitere
1396 2315 1457 2336 non
1470 2304 1592 2336 liceat.-
1609 2309 1641 2336 et
1655 2303 1742 2347 quod

196 2348 337 2382 mortale
347 2353 527 2392 peecatum
544 2349 687 2382 eeclesia
705 2350 832 2382 donare
845 2361 907 2382 uon
921 2353 1044 2394 possit;
1060 2352 1124 2382 imo
1138 2354 1252 2394 perire
1265 2350 1440 2383 ecclesiam
1456 2349 1647 2392 recipiendo
1659 2359 1739 2392 pec-

197 2399 340 2427 catores.
362 2392 531 2427 Pacianus
548 2393 591 2427 ad
608 2393 897 2439 Sympronianum
915 2395 1014 2440 epist.
1030 2394 1087 2428 111.
1104 2395 1162 2429 fol.
1180 2394 1256 2429 310.
1273 2400 1355 2428 tom.
1372 2394 1396 2429 I.
1422 2392 1576 2428 biblioth.
1593 2398 1738 2439 patrum.

195 2438 376 2484 Remigius
392 2438 670 2473 Altisiodorensis
687 2440 837 2485 episcop.
854 2441 889 2474 in
905 2440 1032 2474 Ioelem
1049 2451 1122 2486 cap.
1141 2440 1180 2475 11.
1197 2441 1256 2475 fol.
1276 2440 1350 2474 268.
1390 2439 1599 2474 Athanasius
1622 2444 1739 2472 contra

198 2495 316 2519 omnes
333 2483 492 2518 haereses
508 2489 590 2519 tom.
607 2485 631 2519 Ι.
648 2484 707 2519 fol.
723 2485 800 2520 853.
842 2485 1053 2532 Nicephorus
1071 2486 1231 2520 Callistus
1256 2486 1441 2519 ecclesiast.
1464 2484 1583 2518 histor.
1607 2485 1664 2518 lib.
1682 2483 1737 2518 VI.

197 2540 272 2576 cap.
290 2529 347 2564 III.
373 2530 557 2575 Augustin.
573 2535 655 2564 tom.
672 2530 727 2566 IV.
745 2532 780 2565 in
799 2533 987 2576 quaestion.
1005 2536 1071 2566 vet.
1090 2537 1122 2565 et
1139 2533 1218 2566 novi
1234 2531 1445 2565 Testamenti
1458 2531 1648 2575 quaestion.
1669 2529 1736 2564 CII.

198 2575 239 2610 de
254 2574 454 2610 haeresibus
471 2585 508 2609 ca
537 2601 544 2609 .
559 2576 755 2610 XXXVIII.
780 2577 947 2611 Eusebius
965 2578 1151 2612 ecclesiast.
1168 2577 1286 2610 histor.
1305 2577 1362 2610 lib.
1380 2575 1435 2610 IV.
1453 2587 1514 2620 cap
1543 2574 1706 2609 XXXIV.

265 2620 347 2666 cap.
363 2620 497 2655 LXXX
519 2641 585 2655 .—
624 2621 777 2656 lnternas
802 2623 908 2656 animi
931 2624 1159 2668 cogitationes
1184 2622 1359 2656 diabolum
1384 2633 1453 2655 non
1469 2621 1598 2664 videre]
1636 2621 1740 2654 Extat

196 2666 263 2703 hoe
277 2671 379 2712 caput
395 2666 485 2712 apud
501 2666 681 2701 Rabanum
697 2668 855 2702 Maurum
875 2669 914 2702 de
932 2680 1080 2703 sermon.
1097 2669 1293 2714 proprietat.
1311 2668 1368 2700 lib.
1385 2667 1440 2700 lv.
1459 2677 1531 2711 cap.
1549 2666 1594 2700 X.
1633 2665 1737 2709 Chry-

197 2717 280 2748 eost.
303 2713 338 2746 in
360 2711 479 2747 Iohan.
503 2722 576 2758 cap.
600 2712 656 2748 Ill.
679 2712 795 2748 homil.
812 2714 942 2749 XXIII.
962 2730 963 2733 ¹
982 2714 1212 2748 Humanorum
1235 2715 1383 2746 cordium
1409 2715 1552 2755 coqmtio
1567 2712 1669 2744 solius
1685 2714 1740 2744 dei

196 2765 256 2799 est,
273 2760 330 2803 qui
345 2761 571 2802 eajbrmaz‘it.
616 2757 662 2791 Tu
680 2762 775 2799 enim,
797 2763 912 2805 inquit,
937 2762 1108 2803 cayno-scis
1125 2760 1229 2792 corda
1247 2759 1345 2791 solus.
1386 2756 1594 2791 Athanasius
1612 2756 1653 2790 ad
1670 2757 1738 2790 An·

196 2802 300 2839 tinch.
318 2802 584 2848 quaest.XCIX.
599 2802 659 2837 fol.
671 2802 748 2838 303.
772 2803 989 2851 Προγνώστης
1008 2804 1059 2837 καὶ
1077 2803 1336 2848 καρδιογνώστης
1355 2804 1451 2848 μόνος
1470 2800 1486 2834 ὃ
1505 2801 1574 2840 θεὸς
1591 2799 1736 2847 ὑπάρχει.

197 2846 289 2883 Ἐπεὶ
305 2848 381 2882 οὐδὲ
398 2847 489 2882 αὐτοὶ
505 2846 535 2881 οἱ
553 2846 684 2893 ἄγγελοι
700 2848 740 2882 τὰ
755 2853 787 2883 ἐν
804 2850 930 2896 καρδίᾳ,
947 2851 966 2892 ἢ
985 2850 1024 2882 τὰ
1041 2848 1204 2894 μέλλοντα
1221 2847 1413 2881 ἐπίστανται.
1440 2846 1605 2891 Origenes
1619 2847 1652 2881 in
1665 2847 1737 2884 lob.

197 2892 259 2931 lib.
275 2893 301 2931 1.
324 2895 383 2929 fol.
398 2893 473 2928 237.
497 2892 740 2939 Theophyiact.
758 2896 794 2929 in
810 2896 963 2930 Marcum
982 2906 1009 2930 c,
1027 2894 1067 2929 II.
1094 2894 1274 2928 Durandus
1292 2899 1437 2929 sentent.
1453 2892 1512 2927 lib.
1527 2892 1569 2926 Π.
1586 2892 1735 2928 distinct.

198 2938 289 2976 vlll.
305 2945 436 2986 quaest.
454 2938 509 2973 IV.
533 2938 684 2974 Thomas
701 2941 853 2986 Aquinas
867 2941 1025 2982 Quodlib.
1042 2939 1118 2974 XII.
1137 2941 1268 2974 articul.
1286 2939 1341 2973 VI.

266 2985 335 3020 Sed
357 2985 508 3020 motibus
531 2995 588 3019 eas
611 2987 774 3031 corporis]
815 2987 1012 3031 Hieronym.
1038 2986 1073 3019 in
1096 2985 1220 3020 Psalm.
1237 2985 1329 3020 XVI.
1352 2985 1409 3019 fol.
1431 2984 1482 3018 16.
1521 2983 1687 3018 Diabolus
1702 2987 1737 3018 in

199 3033 315 3067 anima
333 3034 534 3066 intrinsecus
557 3034 663 3066 nescit
683 3035 764 3078 quid
786 3036 914 3077 coyitat
934 3033 1038 3072 homo,
1063 3034 1130 3065 nisi
1147 3043 1211 3076 per
1233 3034 1413 3065 exteriores
1434 3036 1538 3065 motus
1558 3031 1735 3075 2'ntelli9at.
