2052 3342
117 305 184 336 Fap.
203 306 349 329 (xxmx.

98 352 162 383 sap.
187 351 347 377 (λΧλΥΙ.)

1042 188 1239 214 rmLASTm

378 193 450 234 154

460 296 551 336 Alia
574 301 636 333 cst.
659 294 841 333 haeresis
863 305 966 346 quae
985 304 1079 333 cum
1098 292 1196 345 legit
1212 295 1386 344 quatuor
1402 292 1598 333 animalia
1614 294 1655 333 in
1673 292 1918 347 prophetis⁸,

376 379 453 405 non
480 375 648 417 parvum
679 375 856 401 errorem
891 362 1111 415 persentit,
1141 361 1366 400 aestimans
1395 359 1503 413 quod
1532 360 1729 401 animalia
1756 360 1920 401 diversa

377 434 503 473 forma
526 430 711 485 praedita
728 429 847 470 deum
869 429 1208 473 collaudaverint,
1231 430 1466 477 ianm-antes
1483 428 1592 482 'quod
1608 428 1920 481 irrationabilia,

377 501 413 541 id
447 507 510 539 cst
542 513 621 540 non
655 500 825 538 rationis
857 500 1045 552 capacia.
1082 497 1156 538 deo
1190 497 1352 537 laudem
1384 500 1428 537 ut
1456 496 1643 538 homines
1666 497 1816 538 referre
1838 511 1919 538 non

376 572 561 623 possunt.
595 567 735 620 Neque
757 569 868 607 cniin
891 567 992 607 deus
1015 566 1176 607 laudem
1200 564 1404 620 pecudum
1428 566 1606 619 quaerit,
1627 567 1723 619 quia
1744 579 1826 607 non
1848 579 1920 620 pe-

376 637 500 677 cudes
522 636 572 676 ad
595 638 816 687 imaginem
840 636 902 676 dci
927 636 1071 686 sactae,
1093 635 1164 675 sed
1188 634 1376 675 homines
1399 633 1663 675 rationabiles
1684 648 1709 675 a
1729 634 1804 675 deo
1826 637 1924 674 sunt

376 707 501 746 creati
525 712 565 745 et
587 705 637 745 ad
660 705 735 745 hoc
760 706 895 759 positi.
929 704 1010 745 Sed
1033 705 1127 758 quia
1151 704 1251 743 visio
1275 707 1338 742 est
1359 702 1654 757 prophetarum
1675 702 1813 744 divino
1836 703 1924 756 spi-⁹

378 777 455 815 ritu
479 773 728 829 praedicata,
752 773 837 814 ¹liic
861 778 1100 814 sanctorum
1123 771 1368 827 populorum
1391 776 1566 824 quatuor
1583 771 1770 812 diversae
1792 771 1922 812 virtu-

377 843 463 883 tes-'³
486 842 729 896 diversaque
754 842 979 883 certamina
1003 841 1300 882 nuntiabantur
1322 839 1551 880 adventura
1567 839 1705 881 seculo
1726 840 1770 880 in
1788 838 1923 881 diver-

378 914 434 952 sis
457 911 656 952 doctrinis
675 925 720 951 ac
749 911 988 961 virtutibus,
1011 912 1051 950 in
1070 909 1233 950 diversa
1260 907 1514 949 sublimitate
1539 909 1804 960 eminentiae,
1823 904 1925 961 ²quo

377 980 552 1024 lvonis-⁹,
585 979 722 1024 vituli,
754 979 932 1020 hominis
955 985 994 1017 et
1018 977 1202 1032 aquilae,
1230 990 1404 1031 quorum
1432 976 1618 1017 diversae
1641 976 1853 1018 doctrinae
1875 989 1922 1017 ao

379 1051 525 1090 merita
548 1048 745 1100 fulgentia
767 1047 1106 1101 3Ιηϊοιιιηόῑιειιιῐ,
1136 1047 1316 1101 primum
1348 1047 1389 1086 in
1413 1044 1657 1100 patriarchis
1679 1044 1828 1098 regalis
1851 1057 1923 1085 au·

379 1119 560 1162 ctoritas,
584 1118 621 1156 in
643 1116 851 1170 prophetis
875 1115 1023 1156 deinde
1042 1117 1238 1155 scientiae
1254 1113 1445 1155 caelestis
1462 1113 1710 1166 fecunditas,
1726 1115 1769 1154 in
1788 1126 1925 1154 sacer—

380 1186 542 1227 dotibus
567 1185 679 1225 lalmr
700 1185 817 1224 sortis
839 1190 877 1224 et
902 1186 1091 1239 pertinax
1114 1184 1362 1224 concertatio
1387 1186 1644 1235 cerneretur,
1665 1183 1707 1224 in
1730 1181 1929 1237 apostolis

380 1255 539 1295 volatus
563 1253 753 1293 subliinis
778 1255 816 1294 in
843 1253 999 1293 caeluni
1024 1260 1065 1292 ct
1086 1254 1274 1293 eminens
1305 1251 1483 1303 dignitas
1511 1254 1834 1303 monstraretur,
1863 1254 1928 1291 ut·

381 1338 457 1377 qu«¹
483 1324 704 1363 formai-uin
726 1328 820 1362 ante
844 1322 1062 1362 diversitas
1088 1321 1325 1371 nuntiabat,
1347 1319 1604 1360 diversarum
1625 1320 1777 1374 quippe
1798 1320 1929 1360 virtu-

382 1402 464 1432 tuin
491 1391 681 1432 caelestia
706 1392 848 1431 merita
874 1392 913 1431 in
938 1390 1089 1431 ‹ln-isti
1120 1388 1378 1444 prae-‘sentia‘¹
1407 1388 1773 1429 manifestarentur
1800 1389 1844 1428 in
1865 1401 1930 1428 se·

382 1461 492 1506 culo,
522 1460 572 1500 al»
603 1474 649 1500 co
679 1461 830 1514 quippe
854 1473 1051 1500 concessa
1074 1458 1240 1500 domino
1263 1457 1479 1498 salvatore.
1530 1456 1635 1498 Nam
1664 1458 1706 1498 in
1728 1456 1845 1498 leone
1866 1470 1931 1498 re·

382 1544 506 1580 enum
527 1529 793 1569 stu-titinnius.
813 1530 851 1568 in
872 1528 998 1568 vitulo
1018 1527 1132 1568 labor
1152 1528 1445 1581 ⁴exsnperans,
1467 1527 1509 1566 in
1527 1525 1694 1567 homine
1712 1526 1850 1581 passio
1866 1526 1932 1566 in-

384 1598 594 1640 desinens.
618 1599 655 1637 in
681 1596 816 1650 aquila
841 1596 999 1637 volatus
1023 1596 1212 1636 sublimis
1235 1596 1486 1647 agnoscitur,
1508 1595 1757 1635 certantium
1774 1592 1935 1634 scilieet

384 1673 503 1722 atquc
527 1667 833 1718 ⁷·micantium0,
855 1664 1039 1720 apostolo
1063 1663 1265 1716 dicenteff,
1294 1662 1453 1705 Nom-a
1476 1663 1732 1705 conversatio
1752 1660 1820 1704 δίη
1841 1676 1934 1704 cae-

475 1792 555 1835 t'ap.
575 1790 772 1824 CXXXIX.
799 1793 830 1821 1‘11
851 1791 913 1822 aln-
932 1793 1127 1834 1',·1.‹1·1·1'peun1
1147 1796 1194 1822 est
1221 1789 1272 1822 Da
1288 1799 1498 1822 mummius
1516 1798 1678 1826 Qvnvon
1692 1798 1724 1821 is
1742 1797 1935 1821 Paornssrrs

386 1849 551 1871 :naitanus
570 1849 664 1870 suns
684 1847 823 1870 cnsssx.
843 1855 884 1859 —
930 1837 955 1868 l.
979 1836 1033 1869 hie
1057 1835 1161 1870 zlb'ri.
1188 1834 1267 1868 hinc
1286 1847 1314 1868 c.
1332 1834 1409 1868 huic
1427 1834 1456 1868 b.
1519 1832 1550 1868 2.
1575 1843 1642 1878 quo
1660 1845 1730 1877 eqo.
1748 1831 1840 1878 quod
1857 1832 1938 1865 libri

384 1896 503 1917 omnes.
574 1882 604 1915 3.
623 1882 864 1926 percurrebant
883 1883 910 1913 A
924 1881 1006 1915 Bab.
1026 1881 1294 1926 praecurrebant
1311 1892 1340 1913 c.
1409 1879 1442 1913 4.
1466 1889 1661 1924 exuperans
1681 1878 1722 1913 B.
1742 1877 1936 1912 exuberans

385 1930 515 1972 reliqui.
587 1927 618 1961 Γ).
637 1928 839 1960 micantium
857 1941 896 1966 (κ,
916 1941 953 1959 es
971 1929 1133 1960 emendat.
1151 1927 1180 1960 l.
1200 1927 1304 1971 Bapt.
1325 1925 1482 1959 Cotelerii
1498 1925 1643 1960 Monam.
1662 1923 1760 1959 Eccl.
1781 1924 1842 1959 Gr.
1861 1929 1936 1958 tom.

387 1975 507 2019 11141.
527 1973 607 2006 54:2¹.
624 1973 825 2006 mirantium
843 1974 972 2017 reliqui.
1044 1972 1075 2007 G.
1091 1973 1125 2006 in
1144 1973 1246 2006 caelis
1265 1975 1325 2007 est.
1359 1970 1403 2006 Et
1419 1972 1463 2006 A.

386 2079 470 2120 iam]
495 2076 585 2110 naec
603 2076 707 2109 verba
726 2076 814 2120 apud
833 2075 970 2109 Esaiam
989 2087 1057 2109 non
1075 2086 1126 2109 re-

410 2124 468 2157 eri.
516 2122 590 2163 (F.)

386 2136 406 2169 p
433 2170 514 2213 Cap.
533 2167 730 2201 CXXXIX.
749 2186 791 2190 —
827 2177 857 2202 a.
884 2168 917 2200 in
936 2167 1126 2212 prophetis]

386 2213 506 2249 Ezech.
529 2213 602 2247 1.5.
641 2213 782 2258 Apocal.
806 2212 860 2245 lv.
880 2213 910 2247 G,
951 2212 1075 2246 Confer
1099 2214 1128 2246 si

387 2262 501 2306 placet
523 2269 610 2304 quae
628 2269 732 2303 supra
750 2257 791 2291 ad
809 2268 882 2302 cap.
900 2258 982 2292 LYI.
1001 2271 1033 2304 p.
1056 2259 1127 2293 113.

389 2307 528 2347 (Fabr.)

458 2352 489 2385 b.
522 2355 720 2385 sanctorum
747 2350 953 2395 populorum
985 2355 1131 2394 quatuor

390 2399 550 2440 virtutes]
574 2397 725 2441 Populos
750 2400 851 2429 vocat
872 2396 1130 2429 multitudinem

390 2442 672 2489 patriarcharum,
694 2440 948 2486 prophetarum,
973 2442 1130 2474 sacerdo-

391 2494 466 2523 tum
483 2494 516 2522 et
539 2489 792 2533 apostolorum,
815 2498 961 2531 quorum
985 2487 1129 2520 virtutes

391 2546 475 2569 mox
493 2534 646 2579 exponit.
686 2533 794 2566 Fuere
812 2533 915 2565 etiam
938 2532 996 2576 qui
1013 2532 1053 2565 de
1070 2544 1131 2566 no-

391 2580 526 2613 tissimo
560 2580 721 2612 virtutem
744 2578 968 2611 cardinalium
997 2582 1132 2621 quater-

392 2627 495 2660 nione
531 2625 694 2658 animalia
726 2625 787 2657 illa
821 2624 1134 2668 interpretarentur,

392 2672 528 2706 leonem
546 2670 586 2703 de
609 2670 825 2709 fortitudine,
850 2669 995 2702 vitulum
1019 2668 1060 2701 de
1084 2669 1134 2702 iu-

395 2717 504 2757 stitia,
530 2715 683 2760 aquilam
705 2715 746 2748 de
766 2715 1008 2759 temperantia,
1026 2713 1132 2747 homi-

395 2774 475 2796 nem
499 2761 539 2794 (le
563 2760 752 2805 prudentia..
793 2761 877 2793 Vide
902 2759 1063 2794 Aretham
1093 2760 1134 2792 ad

395 2807 638 2852 Apocalypsin.
656 2806 864 2839 Aliiveteres
878 2805 961 2839 haec
975 2805 1137 2838 animalia

396 2854 521 2887 referre
539 2852 735 2885 maluerunt
758 2851 799 2884 ad
817 2856 963 2895 quatuor
978 2851 1135 2894 Evange-

398 2900 512 2940 listas‚
542 2908 689 2942 quorum
715 2897 791 2930 loca
814 2898 932 2930 notavi
954 2897 989 2930 in
1013 2895 1136 2930 Codice

398 2942 602 2989 Apocrypho
626 2942 714 2976 Novi
736 2942 828 2976 Test.
850 2942 888 2976 T.
910 2943 936 2977 1.
959 2954 992 2986 p.
1009 2940 1085 2975 383.
1103 2945 1136 2974 et

399 2990 437 3023 Τ.
456 2989 487 3022 2.
503 3000 536 3034 p.
553 2988 630 3023 559.
668 2987 753 3021 Vide
772 2992 804 3020 et
816 2987 933 3021 Iacobi
949 2986 1135 3027 Thomasii,

400 3037 457 3067 τοῦ
473 3033 662 3079 μακαρίτου,
675 3032 756 3066 diss.
765 3032 807 3066 de
820 3032 1019 3077 Insignibus
1026 3032 1136 3066 Evan-

1196 2075 1417 2119 gelistarum,
1452 2073 1579 2108 editam
1610 2072 1747 2119 Lipsiae
1779 2082 1810 2107 a.
1841 2071 1938 2106 1667.

1198 2122 1337 2163 (Fabr.)

1242 2189 1271 2211 c.
1302 2189 1369 2222 quo
1394 2177 1518 2220 leonis]
1555 2175 1644 2210 Ante
1668 2179 1742 2210 erat
1763 2176 1940 2220 scriptum,

1199 2226 1307 2268 „qnod
1322 2224 1456 2264 leonz'3‚''
1479 2225 1620 2267 totaque
1637 2221 1810 2256 sententia
1824 2221 1875 2255 ita
1890 2220 1940 2255 di-

1200 2271 1325 2303 stincta
1341 2274 1443 2315 atque
1459 2268 1597 2302 turbata
1614 2267 1670 2310 „in
1687 2267 1822 2301 diversa
1833 2266 1941 2301 subli-

1199 2317 1319 2350 mitate
1337 2315 1556 2349 eminentiae:
1575 2313 1666 2358 quod
1687 2313 1798 2348 leonis
1811 2332 1825 2338 -
1837 2331 1854 2338 -
1865 2323 1940 2358 per-

1200 2362 1392 2395 currebant.
1431 2359 1605 2394 Primum'’
1634 2363 1711 2393 cett.

1245 2424 1276 2458 d.
1301 2425 1336 2457 iu
1354 2423 1480 2458 Christi
1494 2422 1702 2468 praesentia]
1737 2421 1838 2467 Apud
1858 2421 1941 2455 Are-

1198 2469 1293 2504 tham
1309 2471 1345 2503 in
1359 2468 1591 2514 Apocalypsin
1609 2466 1763 2501 Christus
1780 2468 1844 2509 leo,
1862 2467 1943 2512 quia

1200 2527 1279 2549 rex:
1302 2515 1393 2549 idem
1411 2514 1537 2548 vitulus
1562 2516 1600 2546 ut
1621 2512 1782 2547 sacerdos
1805 2513 1861 2547 vel
1881 2523 1942 2558 po-

1201 2562 1270 2594 tius
1288 2560 1497 2594 sacrificium
1521 2562 1554 2593 et
1577 2558 1706 2593 hostia:
1735 2557 1838 2592 homo
1862 2569 1942 2604 pro-

1203 2611 1277 2652 pter
1294 2617 1357 2640 nos
1380 2606 1508 2646 factm,
1525 2608 1560 2638 et
1582 2604 1698 2648 aquila
1720 2604 1843 2649 spiritu
1866 2614 1942 2637 cae-

1204 2653 1283 2686 lesti
1299 2663 1362 2685 nos
1385 2650 1595 2696 impertiens.
1634 2676 1648 2691 „
1663 2647 1722 2682 Διὰ
1738 2652 1796 2682 τοῦ
1812 2648 1942 2687 λέοντος

1205 2696 1248 2736 ὡς
1267 2696 1431 2741 βασιλεὺς,
1457 2694 1508 2728 διὰ
1529 2697 1586 2727 τοῦ
1612 2695 1742 2740 μόσχου
1767 2692 1810 2733 ὡς
1833 2693 1942 2738 ἱερεὺς,

1206 2742 1332 2787 μᾶλλον
1350 2741 1384 2775 δὲ
1401 2741 1453 2774 καὶ
1468 2739 1590 2786 ἱερεῖον.
1621 2738 1680 2772 Διὰ
1696 2742 1754 2772 τοῦ
1771 2739 1942 2785 ἀνθρώπου

1205 2786 1248 2826 ὧς
1267 2786 1297 2820 δί
1311 2787 1395 2833 ἡμᾶς
1412 2784 1592 2831 ἀνδρωθείς.
1625 2783 1685 2818 Διὰ
1701 2787 1758 2818 τοῦ
1776 2783 1881 2830 ἀετοῦ,
1899 2782 1943 2822 ὡς

1204 2832 1349 2878 χορηγὸς
1377 2835 1434 2865 τοῦ
1468 2833 1632 2871 {mor-'0103
1660 2831 1736 2863 πνεύ
1766 2842 1859 2875 ατος,
1891 2829 1943 2862 καὶ

1205 2877 1255 2911 ἐπὶ
1274 2877 1393 2917 πάντας
1410 2873 1664 2915 καταπτάντος.”
1711 2843 1785 2919 (ἓ.)

1251 2952 1279 2975 e.
1297 2945 1400 2986 atque
1412 2939 1629 2981 micantium]
1647 2938 1822 2972 Eminenti
1832 2937 1943 2983 digni-

1206 2991 1292 3031 tate,
1311 2997 1416 3031 quam
1431 2994 1534 3030 supra
1550 2983 1677 3018 Christi
1691 2984 1869 3028 discipulis
1883 2983 1944 3017 tri-

1206 3032 1338 3066 buerat.
1369 3031 1421 3064 Ita
1443 3030 1570 3076 optime
1593 3029 1685 3064 hune
1708 3029 1823 3064 locum
1844 3028 1944 3063 resti-
