2052 3374
550 180 663 207 LIBER
682 181 876 207 ADVERSUS
897 180 1022 207 OMNES
1043 180 1247 207 HAERESES.
1591 182 1671 224 279

116 289 204 329 tem
223 286 384 328 nesciat
404 287 599 341 quoniam
619 286 859 341 evangelica
878 288 1011 342 gratia
1026 289 1262 341 evacuatur,
1284 287 1319 328 si
1335 286 1388 328 ad
1403 285 1537 342 legem
1554 284 1671 329 Chri-

118 358 230 397 stum
249 353 425 409 redigit?

200 423 376 466 Accedit
408 423 473 466 his
501 423 738 466 Theodotus
768 423 1001 466 haereticus
1029 424 1275 480 Byzantius,
1303 426 1373 480 qui
1399 426 1673 480 posteaquam

118 491 271 535 Christi
289 507 362 548 pro
384 493 552 534 nomine
574 492 857 548 adprehensus
879 495 1065 548 negavit,
1085 495 1129 535 iu
1152 493 1362 536 Christum
1383 493 1672 550 blasphemare

117 574 200 603 non
223 560 396 603 destitit.
445 561 689 603 Doctrinam
717 563 829 603 enim
858 562 1089 603 introduxit
1117 576 1197 617 qua
1224 562 1435 604 Christum
1462 561 1674 605 hominem

117 629 404 672 tantummodo
428 630 596 684 diceret,
619 630 740 672 deum
761 634 900 672 autem
920 630 1039 672 illum
1059 635 1242 685 negaret,
1264 645 1314 672 ex
1335 632 1484 687 spiritu
1506 631 1672 686 quidem

119 702 260 741 sancto
281 701 428 740 natum
449 698 514 740 1et
540 700 721 754 virgine,
750 699 824 741 sed
851 699 1063 741 hominem
1091 700 1320 741 solitarium
1347 704 1471 755 atque
1499 701 1672 755 nudum,

118 766 257 809 ²nulla
277 767 358 808 alia
377 781 476 823 prae
500 769 647 809 ceteris
670 768 753 810 nisi
774 768 861 809 sola
881 768 1064 809 iustitiae
1087 769 1344 810 auctoritate.

201 835 321 878 Alter
340 840 436 891 post
454 836 564 878 hunc
587 835 824 878 Theodotus
846 836 1080 878 haereticus
1104 837 1253 892 erupit,
1276 838 1346 892 qui
1368 841 1408 878 et
1429 839 1516 892 ipse
1538 839 1671 880 intro-

119 901 237 946 duxit
263 904 437 946 alteram
464 909 622 946 sectam
651 909 691 946 et
725 905 864 961 ipsum
895 906 1107 947 hominem
1138 906 1349 947 Christum
1382 906 1671 949 tantummodo

119 973 221 1015 dicit
242 987 293 1014 ex
313 973 462 1029 spiritu
483 978 625 1016 sancto
655 974 721 1015 1et
747 975 906 1027 virgine
927 974 1058 1016 Maria
1080 978 1329 1029 conceptum
1358 975 1514 1030 pariter
1535 980 1577 1016 et
1596 989 1670 1017 na-

118 1046 221 1095 tum,
243 1041 316 1083 sed
335 1042 446 1084 hunc
466 1043 705 1085 inferiorem
723 1056 812 1084 esse
831 1057 955 1098 quam
971 1043 1293 1096 Melchisedech,
1315 1057 1361 1084 eo
1384 1043 1494 1098 quod
1516 1043 1673 1087 dictum

119 1112 173 1152 sit
200 1110 250 1151 de
279 1110 463 1152 Christo:
500 1110 588 1152 ‘²Tu
617 1126 660 1153 es
689 1111 882 1153 sacerdos
910 1114 955 1154 in
983 1115 1199 1153 aeternum
1225 1111 1455 1154 secundum
1484 1112 1673 1154 ordinem

117 1177 435 1221 Melchisedech.
500 1180 607 1221 Nam
635 1180 752 1221 illum
780 1180 1084 1222 Melchisedech
1117 1183 1364 1236 praecipuae
1394 1181 1548 1235 gratiae
1578 1195 1670 1223 cae-

117 1247 266 1289 lestem
287 1261 378 1289 esse
398 1249 611 1302 virtut-em,
634 1263 679 1291 eo
702 1249 812 1304 quod
833 1254 925 1303 agat
944 1250 1132 1291 Christus
1152 1264 1226 1305 pro
1248 1249 1501 1304 hominibus,
1524 1250 1671 1306 depre-

119 1320 232 1359 cator
254 1319 296 1358 et
316 1316 540 1359 advocatus
561 1319 746 1373 ipsorum
767 1319 919 1369 factus3
951 1318 1258 1360 Melchisedech
1279 1318 1412 1360 facere
1433 1334 1507 1375 pro
1538 1319 1670 1361 caele-

119 1385 252 1428 stibus
273 1385 431 1440 angelis
452 1390 574 1441 atque
596 1387 832 1428 virtutibus,
864 1387 969 1428 Nam
993 1401 1082 1429 esse
1104 1388 1221 1428 illum
1242 1402 1373 1443 usque
1390 1388 1491 1430 adeo
1509 1388 1671 1431 Christo

117 1455 344 1509 meliorem,
363 1459 410 1497 ut
426 1454 598 1514 ἀπάπωρ
616 1457 683 1509 sit,
705 1455 870 1514 ἀμήτωρ
892 1456 959 1509 sit,
982 1457 1301 1515 ἀγενεαλογτπὸς
1318 1459 1385 1510 sit,
1407 1459 1522 1499 cuius
1538 1471 1671 1513 neque

117 1524 284 1566 initium
304 1538 438 1580 neque
459 1524 555 1566 finis
578 1524 902 1580 comprehensus
925 1526 979 1565 sit
999 1529 1070 1566 aut
1091 1526 1385 1581 comprehendi
1407 1528 1550 1582 possit.

205 1592 289 1635 Sed
320 1597 416 1649 post
451 1593 524 1635 hos
561 1607 703 1635 omnes
742 1595 867 1634 etiam
893 1594 1072 1635 Praxeas
1108 1594 1276 1649 quidam
1304 1594 1509 1638 haeresim
1539 1597 1670 1638 intro-

120 1661 258 1716 duxit,
286 1676 410 1717 quam
437 1662 698 1704 ¹Victorinus
729 1662 991 1704 corroborare
1025 1664 1194 1705 curavit.
1251 1665 1329 1705 Hic
1363 1665 1484 1706 deum
1511 1669 1671 1721 patrem

119 1732 448 1787 omnipotentem
462 1732 600 1773 Iesum
617 1731 828 1773 Christum
845 1745 934 1773 esse
957 1731 1071 1785 dicit,
1090 1732 1201 1774 hunc
1221 1733 1462 1775 crucifixum
1478 1748 1669 1790 passum-

120 1813 198 1855 que
221 1800 436 1842 contendit
457 1804 497 1842 et
517 1804 740 1853 mortuum,
768 1804 982 1856 praeterea
1003 1815 1046 1842 se
1068 1803 1206 1856 ipsum
1228 1802 1308 1843 sibi
1330 1803 1473 1844 sedere
1495 1804 1547 1846 ad
1569 1803 1667 1846 dex-

118 1872 250 1911 teram
271 1883 389 1911 suam
411 1883 504 1911 cum
524 1869 697 1925 profana
718 1873 758 1910 et
779 1870 979 1924 sacrilega
999 1870 1235 1913 temeritate
1256 1873 1463 1927 proponit.

209 1993 291 2039 Gap.
308 1993 439 2027 XXIII.
468 2013 511 2018 —
554 1994 581 2027 l.
611 1995 669 2027 Ita
695 1997 838 2028 eorrexi.
881 1994 981 2028 Libri
1005 2001 1072 2029 tam
1095 1998 1218 2041 scripti
1240 2009 1337 2041 qnam
1363 1999 1446 2031 editi
1469 1998 1592 2032 liabent
1614 2010 1667 2033 ex.

119 2039 150 2075 2.
169 2039 260 2073 Pars
277 2040 436 2073 librorum
455 2039 556 2073 habet
570 2041 664 2074 nullo
682 2040 760 2074 alio.

209 2084 291 2130 Cap.
314 2085 443 2119 XXIV.
466 2106 510 2110 —
553 2086 580 2119 1.
611 2086 667 2119 Ita
693 2089 835 2121 correxi.
881 2086 981 2119 Libri
1004 2092 1069 2120 tam
1095 2091 1217 2133 scripti
1240 2101 1337 2133 qnam
1362 2090 1445 2123 edm
1468 2090 1592 2124 habent
1612 2102 1665 2126 ex.

119 2130 150 2164 2.
167 2130 269 2166 Hebr.
286 2131 326 2165 V.
345 2131 375 2164 6.
393 2131 448 2165 Vl.
468 2131 520 2165 20.
538 2131 609 2166 VII.
632 2131 681 2164 17.

209 2175 291 2222 Cap.
308 2176 422 2210 XXV.
446 2196 490 2201 —
532 2177 560 2210 1.
595 2177 644 2218 Cf.
676 2177 811 2211 Tertull.
836 2178 925 2212 Adia.
948 2178 1055 2213 Prax.
1080 2181 1110 2213 l.
1151 2180 1384 2224 Reponemlzcm
1408 2188 1456 2215 est
1478 2182 1594 2216 Victor
1618 2185 1670 2216 vel

118 2221 236 2256 Victor
249 2222 442 2269 episcopus.
499 2222 582 2257 Vide
599 2235 683 2268 quac
701 2225 866 2257 adnotavi
881 2225 921 2258 de
939 2224 969 2259 lt..
988 2226 1009 2260 l.
1028 2231 1100 2261 tom.
1119 2225 1171 2260 II.
1194 2226 1277 2272 Opp.
1302 2226 1504 2262 Tertulliani
1514 2241 1550 2275 p.
1572 2228 1650 2263 765.

1698 438 1765 472 Cap.
1783 438 1888 465 XXIII.

1697 852 1764 887 Cap.
1782 854 1879 880 XXIV.

1696 1613 1762 1647 Cap.
1775 1614 1858 1639 xxv.
