2052 3374
1649 191 1730 233 377

241 293 323 340 Cap.
340 293 446 328 XLII.
464 314 508 320 —
549 294 587 329 Si
612 295 687 340 quis
711 295 798 328 sicut
816 297 1043 339 augmentum
1065 294 1113 328 ita
1130 294 1234 328 etiam
1250 294 1388 328 initium
1404 294 1500 337 fidei]
1539 293 1733 329 Concilium

171 340 424 375 Arausicanum
441 340 481 373 II.
500 351 526 375 c.
546 340 584 374 V.
631 341 780 374 Faustus
799 341 839 374 de
854 341 963 374 libero
981 340 1121 374 arbitrio
1138 341 1196 374 lib.
1215 340 1239 375 Ι.
1257 351 1286 373 0.
1303 340 1376 374 VH.

240 385 322 430 Gap.
340 385 462 420 XLIII.
480 407 524 412 —
549 386 586 421 Si
603 387 680 433 quis
702 387 775 420 sine
793 387 906 432 gratia
923 387 977 420 dei
994 386 1228 430 credentibus]
1266 386 1397 421 Concil.
1416 386 1670 420 Arausicanum
1686 385 1729 421 H.

172 431 322 524 capbg.
340 477 462 512 XLIV.
476 499 520 504 —-
545 478 583 512 Si
600 479 676 524 quis
689 490 750 524 per
766 483 909 512 naturae
922 479 1078 523 vigorem
1091 478 1221 512 bonum
1235 477 1387 523 aliquod]
1414 477 1608 512 Concilium
1624 478 1732 513 Arau-

171 524 330 558 sicanum
345 523 387 558 II.
405 535 433 559 c.
452 524 524 558 VH.
571 525 722 559 Faustus
741 525 781 558 de
797 525 905 558 libero
923 524 1064 558 arbitrio
1081 525 1141 559 lib.
1160 524 1184 558 Ι.
1204 535 1231 558 c.
1249 524 1295 559 X.
1326 524 1544 570 Augustinus
1563 524 1604 558 de
1622 535 1731 559 corre-

170 570 288 616 ptione
305 573 339 604 et
354 571 467 615 gratia
484 575 567 605 tom.
586 570 658 606 VII.
678 582 706 606 0.
724 570 750 604 Ι.

239 614 324 661 cap.
340 615 447 650 XLV.
460 637 504 642 —-
542 617 734 651 Arbitrium
750 616 939 650 voluntatis
963 616 998 650 111
1015 616 1128 662 primo
1146 615 1301 660 homine]
1341 615 1535 650 Concilium
1551 616 1732 651 Arausica-

170 672 256 696 num
267 661 466 743 111..6Χ111ἸΙῘ
477 728 522 733 —
561 709 599 743 Si
617 709 693 754 quis
710 709 795 742 alios
811 719 872 754 per
889 707 1175 754 misericordiam]
1213 707 1406 743 Concilium
1421 708 1674 743 Arausicanum
1690 709 1731 745 Π.

142 756 157 784 1
170 763 200 788 0.
239 707 265 741 G
357 754 574 799 Augustinus
593 756 692 800 epist.
711 754 786 789 XC.

238 798 322 845 Gap.
340 799 476 834 XLVII.
495 821 539 826 —
562 800 693 835 Natura
709 800 877 843 humana]
902 799 1098 834 Concilium
1114 800 1367 834 Arausicanum
1385 800 1425 836 Π.
1443 811 1472 834 0.
1488 801 1586 835 XIX.

170 845 352 937 cap-OQ
337 845 492 925 XLVIII.
508 867 552 871 —
597 847 695 881 Sicut
712 847 760 880 eis
779 846 839 891 qui
856 846 1011 880 volentes
1029 846 1065 880 in
1082 847 1174 891 lege]
1213 846 1405 880 Concilium
1420 848 1674 882 Arausicanum
1690 848 1730 882 11.

239 937 322 983 Gap.
337 937 465 973 XLIX.
482 958 526 963 —
558 938 757 972 Secundum
774 949 878 983 supra
896 938 1004 971 dictas
1020 940 1236 982 sanctorum]
1275 938 1402 972 Concil.
1421 939 1673 973 Arausicanum
1690 939 1730 974 ΙΙ.

170 993 199 1017 c.
215 982 330 1019 XXV.
375 983 580 1029 Fulgentius
598 984 641 1018 ad
656 984 853 1018 Monimum
869 985 927 1018 lib.
946 984 971 1019 I.

239 1028 321 1075 Gap.
337 1029 376 1065 L.
393 1050 436 1056 —
465 1030 539 1064 Hoc
556 1031 660 1065 etiam
677 1030 869 1064 secundum
886 1029 990 1064 fidem
1008 1029 1229 1074 catholicam]
1269 1029 1293 1064 C
1298 1031 1399 1065 oncil.
1416 1031 1669 1066 Arausicanum
1688 1031 1728 1066 II.

170 1085 209 1108 ca
235 1102 243 1109 .
260 1075 373 1110 XXV.

209 1086 321 1167 PGap.
337 1121 390 1156 LI.
407 1141 452 1147 —
474 1121 515 1156 In
532 1122 627 1156 0111111
643 1122 733 1156 bono
752 1133 852 1168 opere
870 1134 940 1156 non
957 1124 1036 1165 nos]
1071 1121 1200 1156 Concil.
1219 1122 1470 1156 Arausicanum
1488 1122 1528 1156 II.
1546 1134 1575 1157 c.
1594 1123 1707 1157 XXV.

236 1166 320 1212 Cap.
335 1166 406 1201 LII.
423 1188 467 1193 —
497 1167 676 1214 Baptisma
693 1179 803 1202 unum
820 1170 886 1211 est]
920 1168 1049 1202 Contra
1064 1169 1339 1210 Valentinianos,
1358 1169 1419 1214 qui
1435 1169 1503 1202 duo
1520 1169 1732 1214 baptismata

170 1212 298 1246 dicunt.
345 1213 544 1258 Hieronym.
568 1215 605 1248 111
627 1215 727 1260 epist.
751 1214 852 1248 Pauli
873 1214 915 1247 ad
938 1213 1062 1260 Ephes.
1086 1215 1145 1248 lib.
1171 1214 1202 1247 ·2.
1225 1226 1253 1247 c.
1278 1214 1334 1248 IV.
1358 1215 1418 1248 fol.
1446 1214 1519 1249 178.
1569 1215 1730 1249 Sedulius

169 1257 294 1292 Scotus
307 1259 343 1292 in
360 1259 538 1293 collectan.
559 1261 657 1305 epist.
674 1260 774 1294 Pauli
790 1260 832 1294 ad
848 1259 974 1305 Ephes.
993 1271 1020 1294 c.
1039 1260 1094 1293 IV.
1111 1260 1172 1294 fol.
1189 1259 1243 1295 80.
1293 1260 1486 1305 Cyprianus
1505 1261 1547 1294 ad
1565 1262 1731 1302 Quintum

169 1304 269 1350 epist.
286 1304 414 1339 LXXI.
431 1305 475 1339 ad
489 1305 696 1340 Iubaiauum
714 1307 811 1351 epist.
828 1306 988 1340 LXXIII.
1036 1306 1138 1340 Unum
1158 1307 1325 1350 baptisma
1344 1313 1401 1347 esf,
1420 1308 1517 1351 idque
1535 1310 1567 1339 ιή
1587 1309 1729 1340 eeclesia

169 1350 353 1385 catholica.
400 1351 633 1386 Tertullianus
652 1353 692 1386 de
708 1353 883 1397 baptismo
903 1364 929 1386 0.
946 1352 1022 1386 XV.
1071 1353 1255 1396 Augustin.
1275 1356 1395 1386 contra
1410 1352 1612 1386 Donatistas
1629 1354 1687 1388 lib.
1704 1353 1730 1387 Ι.

169 1407 198 1430 0.
213 1396 272 1430 ΠΙ.
311 1396 480 1443 Epiphan.
499 1402 618 1432 contra
637 1397 804 1432 Catharos
822 1397 954 1432 haeres.
972 1398 1062 1432 LIX.
1087 1398 1250 1431 Rabanus
1267 1399 1410 1432 Maurus
1428 1399 1468 1432 de
1486 1410 1635 1433 sermon.
1652 1411 1730 1444 pro-

167 1442 314 1488 prietate
333 1443 393 1477 lib.
409 1443 466 1477 IV.
488 1455 516 1477 c.
532 1444 578 1478 X.
627 1444 773 1490 Optatus
797 1444 1019 1478 Milevitanus
1045 1448 1165 1477 contra
1186 1444 1456 1478 Parmenianum
1479 1445 1538 1478 lib.
1561 1445 1602 1479 V.
1650 1447 1730 1479 Am-

167 1488 260 1522 bros.
277 1488 318 1522 de
333 1489 523 1534 poenitent.
540 1490 599 1524 lib.
617 1490 648 1525 2.
667 1502 694 1524 c.
712 1491 754 1524 II.
802 1490 949 1535 Cyrillus
967 1490 1196 1535 Hierosolym.
1213 1489 1239 1525 I.
1257 1489 1434 1526 Cateches.
1481 1490 1634 1525 Basilius
1655 1492 1729 1526 Ma-

169 1545 260 1580 gnus
279 1533 321 1568 de
339 1535 470 1581 Spiritu
487 1540 607 1570 sancto
624 1547 653 1569 c.
669 1536 763 1570 XIV.

235 1579 304 1614 Ubi
324 1581 361 1615 111
382 1582 524 1615 nomine
547 1583 666 1628 patris,
691 1587 723 1615 et
738 1582 812 1624 filij,
836 1586 869 1615 et
886 1582 1026 1627 spiritus
1052 1582 1163 1615 sancti
1180 1581 1294 1625 datur]
1332 1582 1537 1627 Fulgentius
1557 1583 1598 1616 ad
1616 1583 1730 1617 Trasi-

167 1626 337 1660 mundum
352 1625 485 1672 Regem
506 1628 566 1663 lib.
586 1628 616 1662 2.
634 1628 693 1662 fol.
710 1628 764 1663 57.
813 1628 855 1660 In
878 1628 939 1661 hoc·
963 1629 1016 1661 vel
1035 1631 1180 1661 maxime
1195 1630 1283 1672 fidei
1305 1629 1496 1662 catholicae
1521 1632 1647 1663 veritas
1677 1643 1729 1663 co-

166 1674 352 1716 quescitur,
369 1674 458 1718 quod
468 1680 558 1708 recte
572 1678 606 1707 in
621 1677 750 1708 nomine
758 1677 884 1718 patris,
903 1680 935 1707 et
946 1675 1018 1714 alii,
1037 1680 1069 1707 et
1082 1676 1223 1719 spiritus
1235 1677 1349 1707 sancti
1361 1675 1538 1719 baptisare
1553 1679 1729 1716 consuet-it,

168 1720 324 1762 quoniam
337 1731 461 1753 omnem
478 1721 661 1753 trinitatem
681 1720 798 1763 ubique
808 1722 947 1765 par-iter
964 1721 1082 1753 ade-sse
1100 1721 1219 1754 credit.
1239 1724 1272 1754 et
1288 1720 1347 1753 lib.
1365 1720 1396 1755 3.
1414 1720 1474 1754 fol.
1493 1721 1545 1754 66.
1585 1721 1727 1766 Gregor.

167 1763 319 1808 Magnus
341 1765 400 1799 lib.
422 1764 448 1799 Ι.
478 1766 613 1811 epistol.
643 1765 772 1800 XXIV.
819 1766 986 1799 Alcuiuus
1015 1765 1055 1799 de
1080 1765 1203 1799 divinis
1233 1766 1355 1800 officiis
1384 1766 1443 1800 fol.
1463 1767 1560 1802 1969.
1611 1767 1727 1812 Cyrill.

166 1809 397 1855 Hierosolym.
420 1810 592 1845 catechesi
613 1816 813 1856 mystagog.
832 1811 862 1844 2.
887 1823 919 1857 p.
942 1811 1015 1846 198.
1063 1811 1284 1845 Bernhardus
1307 1812 1423 1846 Abbas
1448 1813 1490 1845 ad
1515 1812 1728 1847 Balduinum

168 1856 315 1901 epistola
336 1855 593 1891 CCCXXXIX.
640 1858 875 1891 Damascenus
901 1857 940 1890 de
963 1857 1031 1891 fide
1054 1857 1245 1891 orthodoxa
1267 1857 1324 1891 lib.
1348 1858 1404 1892 IV.
1429 1870 1457 1893 0.
1474 1859 1520 1892 X.
1569 1858 1727 1893 Canones

166 1901 413 1947 Apostolorum
429 1914 505 1948 cap.
521 1903 647 1938 XLIX.
695 1903 844 1947 Vigilius
861 1903 923 1936 ΡΡ.
938 1904 1082 1949 epistola
1100 1904 1143 1937 ad
1158 1903 1394 1938 Eleutherium
1411 1915 1485 1949 cap.
1502 1904 1534 1939 3.
1575 1905 1727 1939 Basilius

164 1948 317 1993 Magnus
335 1948 376 1982 de
393 1948 456 1982 SS.
475 1960 502 1982 c.
520 1948 598 1984 XII.
647 1948 842 1994 Cyprianus
859 1950 958 1994 epist.
978 1949 1107 1983 XXIII.
1126 1954 1159 1983 et
1175 1949 1334 1984 LXXIII.
1375 1949 1532 1984 Clemens
1551 1952 1726 1986 constitut.

167 1994 403 2039 apostolorum
419 1995 478 2030 lib.
496 1994 568 2028 VII.
587 2006 614 2028 c.
628 1994 742 2028 XXII.
783 1994 935 2028 Isidorus
954 1995 994 2028 de
1012 1995 1135 2029 officiis
1154 1996 1395 2030 ecclesiasticis
1412 1997 1471 2030 lib.
1488 1997 1529 2032 II.
1549 2007 1577 2032 0.
1595 1997 1724 2032 XXIV.

166 2038 376 2074 Athanasius
394 2044 516 2074 contra
530 2040 694 2074 Arrianos
713 2045 798 2074 orat.
811 2040 842 2075 3.
859 2041 918 2074 fol.
936 2040 1008 2076 118.
1023 2046 1056 2075 et
1072 2053 1143 2086 seq.
1168 2041 1368 2076 Tertullian.
1384 2043 1423 2076 de
1437 2043 1610 2088 baptismo
1626 2055 1654 2078 c.
1668 2043 1725 2079 VI.

165 2085 288 2120 Petrus
311 2085 527 2120 Lombardus
549 2091 697 2121 sentent.
720 2087 778 2120 lib.
803 2086 860 2121 IV.
886 2087 1036 2122 distinct.
1060 2087 1117 2121 III.
1173 2086 1302 2123 Concil.
1328 2088 1534 2122 Toletanum
1554 2088 1610 2124 IV.
1634 2101 1662 2123 c.
1684 2090 1725 2125 V.

168 2130 386 2177 Gonspuatur
403 2131 498 2165 furor
513 2132 695 2166 Menandri
713 2132 938 2174 Samaritani,
962 2134 1122 2178 negantis
1146 2133 1271 2167 habere
1287 2145 1391 2179 posse
1415 2145 1613 2180 quenquam
1636 2136 1726 2169 salu-

166 2180 248 2218 tem,
264 2177 333 2211 nisi
348 2177 520 2222 baptisma
537 2178 611 2212 eius
634 2178 793 2212 induerit.
841 2179 1040 2214 Tertullian.
1063 2180 1324 2225 praescription.
1347 2181 1511 2214 adversus
1534 2180 1727 2216 haereticos

168 2233 197 2256 0.
212 2222 334 2257 LXVI.
352 2223 394 2257 de
410 2224 528 2257 anima
544 2235 571 2259 c.
588 2223 626 2259 L.

235 2267 303 2302 Ubi
317 2268 353 2302 in
370 2269 510 2303 nomine
526 2270 632 2315 patris
651 2274 683 2303 et
700 2269 764 2304 filii
780 2274 813 2304 et
830 2271 970 2316 spiritus
988 2272 1100 2305 sancti
1117 2271 1229 2317 datur]
1270 2272 1421 2306 Damnat
1438 2283 1589 2306 errorem
1612 2273 1726 2307 Euno-

166 2313 238 2356 mii,
255 2314 316 2359 qui
331 2318 452 2348 contra
473 2315 694 2350 traditionem
714 2317 949 2361 apostolorum
971 2317 1151 2351 instituere
1167 2318 1292 2360 voluit,
1314 2324 1352 2352 ut
1375 2319 1510 2352 divinus
1532 2319 1726 2364 baptismus

166 2360 338 2394 mersione
355 2371 425 2394 una
440 2365 675 2406 perageretur.
724 2361 936 2408 Nicephorus
964 2362 1127 2398 Callistus
1152 2365 1272 2399 eccles.
1297 2363 1416 2398 histor.
1442 2365 1501 2399 lib.
1525 2365 1587 2399 XI.
1613 2377 1640 2399 c.
1665 2366 1726 2399 XI.

167 2405 382 2440 Sozomenus
399 2406 456 2439 lib.
475 2406 530 2441 VI.
549 2418 577 2442 c.
594 2407 724 2442 XXVI.

235 2451 274 2486 Si
290 2452 349 2498 qui
365 2452 456 2497 apud
471 2451 662 2487 haereticos
680 2454 845 2499 baptizati
860 2459 940 2488 sunt
962 2455 998 2488 in
1022 2459 1142 2489 sancta
1165 2455 1329 2490 trinitatis
1352 2456 1582 2497 confessione,
1605 2457 1726 2502 recipi-

167 2499 286 2541 untur]
312 2496 441 2532 Concil.
460 2497 723 2544 Carthaginens.
736 2499 760 2534 I.
779 2511 806 2533 c.
824 2499 848 2533 Ι.
896 2500 1058 2535 Nicolaus
1075 2501 1139 2537 ΡΡ.
1156 2501 1180 2535 Ι.
1204 2502 1247 2535 ad
1269 2503 1428 2535 consulta
1444 2502 1677 2545 Bulgarorum
1695 2514 1724 2538 c.

166 2543 244 2578 XV.
269 2543 455 2589 Capitular.
472 2543 590 2578 Karoli
605 2541 728 2590 Magni
744 2549 777 2578 et
793 2545 957 2580 Ludovici
973 2546 1081 2593 Impp.
1095 2548 1155 2581 lib.
1170 2548 1241 2581 VII.
1259 2559 1285 2580 c.
1301 2547 1325 2581 C
1330 2547 1484 2582 CCXIX.
1511 2547 1643 2593 Corpus
1662 2549 1725 2582 Ca-

167 2600 248 2624 non.
272 2593 360 2635 part.
385 2587 416 2623 3.
440 2588 589 2624 distinct.
612 2589 668 2625 IV.
710 2590 839 2626 Concil.
863 2591 1064 2626 Africanum
1089 2604 1116 2626 0.
1133 2594 1209 2627 XV.
1252 2592 1395 2626 Ursinus
1418 2593 1609 2627 Monachus
1634 2595 1725 2639 apud

169 2634 388 2669 Gennadium
405 2635 440 2668 111
457 2636 605 2680 catalog.
622 2637 724 2671 viror.
743 2637 939 2672 illustrium.
989 2640 1203 2684 Augustinus
1227 2644 1344 2672 contra
1367 2639 1567 2673 Donatistas
1592 2640 1650 2674 lib,
1670 2640 1725 2673 VI.

165 2680 254 2716 fuse.
277 2680 488 2715 Walaffidus
506 2680 629 2715 Strabo
647 2681 688 2716 de
704 2683 806 2716 rebus
825 2684 1012 2718 ecclesiast.
1029 2695 1058 2718 c.
1071 2684 1201 2719 XXVI.
1228 2685 1426 2718 celebratur
1443 2697 1537 2717 uuum
1556 2686 1724 2730 baptisma

166 2739 293 2768 verum,
311 2739 374 2761 non
392 2729 459 2760 ηίεί
473 2730 507 2760 in
526 2730 654 2762 nomine
669 2740 816 2762 summae
833 2732 1009 2771 trinitatis,
1027 2732 1115 2775 quod
1131 2738 1163 2764 et
1178 2732 1330 2763 dominus
1345 2733 1417 2775 *ipse
1434 2732 1592 2771 ostendit,
1619 2737 1650 2763 et
1666 2744 1724 2764 ea-

167 2784 268 2806 nonee
285 2774 510 2818 apo-stolorum
528 2774 656 2808 docent.
689 2774 781 2808 Unde
797 2778 980 2820 quicunque
998 2777 1051 2810 rel
1067 2777 1108 2809 ab
1127 2776 1310 2809 haereticis
1328 2778 1360 2808 in
1379 2779 1532 2809 trinitate
1550 2777 1723 2821 baptizan-

168 2818 264 2859 tibus,
281 2819 335 2852 vel
350 2819 392 2852 ab
411 2819 480 2853 alio
497 2818 641 2864 quolibet
656 2818 796 2861 homine,
811 2821 870 2854 sub
889 2823 1114 2867 appellatione
1133 2822 1283 2865 leqitz'ma
1301 2823 1442 2855 eiusdem
1461 2829 1602 2855 sanc-tae
1626 2825 1723 2855 trini-

168 2866 372 2909 tatisfiaeerit
387 2864 589 2910 baptizata&
608 2865 820 2910 rebaptizari
835 2879 899 2900 non
923 2868 1026 2908 (lebet,
1046 2879 1084 2900 ne
1103 2870 1270 2901 invocatio
1287 2879 1433 2900 summae
1452 2869 1643 2901 divinitati-s·
1662 2870 1722 2901 ad-

168 2910 298 2944 nullari
312 2911 490 2951 videntum
512 2911 573 2944 sed
594 2917 626 2944 et
647 2910 829 2946 chrismate
846 2919 876 2946 et
893 2925 1010 2946 manus
1026 2915 1250 2957 impositione,
1274 2915 1361 2958 quod
1384 2916 1611 2957 imperfectum
1637 2921 1722 2954 erar,

192 2957 288 3000 erfici
303 2956 408 2991 debet.
434 2955 529 2990 Beda
546 2960 630 2990 tom.
647 2955 726 2992 XII.
745 2957 781 2990 in
796 2956 915 2993 homil.
933 2959 1088 2993 aestival.
1107 2958 1148 2991 de
1165 2959 1292 2992 sanctis
1316 2959 1375 2992 fol.
1393 2957 1467 2991 128.
1493 2962 1525 2991 et
1549 2959 1584 2992 in
1601 2958 1720 2994 Iohan.

168 3011 243 3046 cap.
255 3000 313 3035 ΠΙ.
329 3001 390 3036 fol.
402 3001 480 3036 554.
519 3001 597 3035 Sive
614 3001 821 3044 haereticus,
845 3007 915 3038 siz-e
937 3005 1191 3045 schismaticus,
1214 3007 1284 3037 siz-e
1291 3007 1513 3049 facinorosus
1535 3007 1670 3049 quisque
1686 3009 1721 3039 in

169 3049 373 3091 consessione
388 3055 531 3082 sanctae
548 3049 714 3082 trinitatis
730 3049 883 3095 baptizet,
903 3063 964 3085 non
983 3051 1072 3084 z-‹zlet
1088 3050 1156 3091 ille,
1175 3053 1232 3094 qui
1243 3053 1292 3084 ita
1312 3051 1502 3094 baptizatus
1515 3057 1571 3092 est,
1590 3063 1611 3084 α
1630 3051 1722 3085 bonis
