2052 3374
1583 219 1662 260 371

116 322 246 366 quidem
263 326 367 353 mente
383 325 487 353 motus
503 326 535 353 et
550 322 724 364 mamy‘este
748 322 921 353 insaniens
937 322 1050 354 dicere
1069 326 1188 365 potest.
1229 320 1267 354 In
1291 320 1363 355 Iob.
1388 320 1447 355 lib.
1465 319 1490 353 I.
1507 320 1566 355 fol.
1586 319 1663 355 237.

116 366 283 400 Diabolus
298 368 355 410 qui
370 371 420 398 est
434 368 533 399 totius
549 369 739 410 iniquitatasse
756 372 870 406 autor,
895 372 926 399 et
944 369 1050 400 omnis
1065 367 1204 399 sceleris
1214 372 1318 410 pater
1331 372 1428 408 atque
1440 368 1600 406 inventor,
1618 368 1668 399 ad

116 412 289 445 caelestem
306 412 422 444 aulam
438 423 478 444 ez
493 423 559 455 qua
581 418 696 455 sponte
713 413 846 451 cecidit,
870 424 1035 455 nunquam
1050 414 1170 444 iterum
1187 413 1355 452 ascendet,
1379 424 1544 455 nunquam
1561 413 1665 444 denuo

115 463 307 490 revertetur.
337 456 382 490 Et
396 457 433 490 in
454 455 669 490 Matthaeum
685 467 713 491 c.
730 457 843 490 XXV.
859 455 977 491 homil.
995 456 1057 491 IX.
1074 457 1132 490 fol.
1152 456 1228 491 291.
1270 457 1413 490 Diaboli
1437 464 1468 490 et
1489 460 1663 502 impiorum

115 503 282 536 eredimus
297 508 436 535 aeterna
456 508 628 535 tormenta.
659 502 872 535 Erubescant
889 503 995 545 igitur
1008 503 1067 547 qui
1084 508 1116 536 et
1132 501 1195 536 hoc
1215 502 1254 536 de
1271 503 1343 536 viro
1361 502 1500 536 doctiss.
1516 514 1588 537 1103
1605 503 1664 536 du-

116 548 313 581 bitaverunt
327 548 533 581 concinnare
549 547 764 592 figmentum.

181 592 227 627 Ut
241 593 426 626 daemones
443 594 498 626 vel
514 594 612 638 impii
626 593 782 626 homines
799 598 877 637 post
892 595 1080 636 tormenta]
1103 592 1311 627 Trithemius
1329 595 1364 628 in
1378 593 1502 628 Chron.
1516 600 1664 628 monast.

112 638 348 684 Hirsaugiens.
372 639 461 672 circa
483 650 562 672 ann.
586 639 714 672 domini
737 638 937 672 MCCCXV.
961 643 1074 679 notat,
1098 640 1133 672 in
1157 640 1294 673 civitate
1319 639 1495 674 Cremensi
1525 646 1664 674 exortos

112 683 302 718 haereticos
318 684 378 729 qui
393 683 589 718 Luciferum
606 695 685 717 cum
698 684 924 717 daemonibus
938 684 1009 717 suis
1023 685 1116 718 caelo
1130 685 1254 719 iniuria
1267 686 1416 730 pulsum,
1433 686 1573 719 tandem
1587 697 1662 720 cum

113 730 274 764 omnibus
290 730 362 763 suis
378 729 581 763 beatitudini
595 729 846 763 restituendum
862 734 1064 763 assererent.

181 774 262 820 Gap.
279 775 326 809 X.
342 796 386 800 —
409 775 450 808 In
465 775 632 820 principio
650 776 777 808 creavit
793 775 876 808 deus
894 775 1027 808 caelum
1045 780 1079 808 et
1095 779 1221 809 terram
1239 788 1282 810 ex
1299 776 1421 820 nihilo]
1460 777 1587 811 Contra.
1603 778 1664 811 Se-

113 821 304 862 leucianos⁷
327 821 603 866 Hermogenem,
626 826 847 864 caeterosque
870 827 1087 854 matemarzos
1109 821 1313 863 haereticos,
1339 823 1397 867 qui
1414 822 1517 856 deum
1533 834 1575 856 ex
1592 834 1664 856 ma-

111 866 207 908 teria,
222 878 293 900 1103
309 878 353 900 ex
370 865 475 900 nihilo
492 871 671 911 operatum
687 870 821 905 cuncta,
844 872 1079 911 praesumunt.
1126 867 1153 900 T
1157 868 1266 902 ertull.
1290 868 1453 902 adversus
1476 869 1664 914 Hermoge-

111 923 192 946 nem
207 923 282 957 cap.
300 912 341 946 H.
359 918 393 945 et
404 912 517 946 XXV.
542 911 775 945 Theodoretns
793 911 986 946 divinorum
1003 912 1219 946 decretorum
1236 914 1384 957 epitome
1402 914 1460 947 fol.
1474 914 1550 949 391.
1565 920 1598 947 et
1611 926 1661 959 sq.

111 958 316 992 Anastasius
334 958 480 1002 Synaita
495 958 530 990 in
546 956 704 990 hexaem.
720 957 779 991 fol.
800 956 896 991 1372.
920 957 1064 991 Iunilius
1082 958 1265 992 Africanus
1283 959 1317 992 in
1337 959 1489 993 Genesin
1505 966 1588 994 tom.
1606 960 1663 994 VI.

110 1002 267 1037 biblioth.
284 1007 431 1048 patrum,
470 1003 687 1047 Augustinus
705 1003 745 1036 de
766 1001 968 1037 haeresibus
991 1014 1066 1048 cap.
1084 1004 1174 1038 LIX.
1215 1004 1426 1038 Detestanda
1448 1004 1664 1050 blasphemia

109 1048 338 1090 Mahumetis,
362 1049 421 1094 qui
441 1048 597 1082 homines
620 1060 665 1082 ex
688 1049 827 1089 umbra,
852 1049 1029 1082 diabolum
1051 1061 1094 1082 ex
1118 1050 1210 1094 ignis
1232 1049 1375 1083 flamma
1402 1051 1579 1084 conditum
1603 1052 1661 1086 ait.

110 1094 259 1128 Alcoran
276 1105 401 1128 azoara.
414 1094 520 1128 LXV.
536 1094 595 1128 fol.
615 1093 690 1127 165.
823 1134 826 1135 ⁷

176 1139 273 1174 Facti
289 1143 371 1173 sunt
385 1140 516 1184 angeli]
540 1140 693 1184 Angelos
709 1139 818 1173 factos
832 1144 912 1173 ante
925 1140 1091 1173 mundum
1105 1141 1267 1174 sensilem
1279 1146 1377 1186 putat
1394 1141 1663 1186 Chrysostomus

111 1185 153 1219 de
173 1185 364 1230 provident.
382 1191 466 1219 orat.
482 1184 508 1219 1.
560 1185 716 1218 Clemens
740 1186 915 1220 constitut.
932 1187 1088 1231 Apostol.
1108 1187 1167 1221 lib.
1186 1187 1274 1221 vm.
1294 1199 1365 1232 cap.
1383 1187 1461 1223 ΧΗ.
1511 1188 1662 1222 Isidorus

109 1231 171 1265 His
197 1231 303 1264 318115.
320 1234 466 1265 sentent.
483 1231 542 1274 lib.
558 1231 584 1264 Ι.
601 1241 630 1264 c.
645 1231 692 1265 X.
726 1231 961 1265 Nazianzenus
978 1233 1012 1264 in
1031 1231 1157 1265 Christi
1172 1233 1340 1267 nativitat.
1361 1238 1446 1268 orat.
1464 1234 1662 1268 XXXVIII.

110 1277 146 1310 in
182 1304 198 1322 Υ.
214 1275 345 1322 pascha
361 1280 446 1310 orat.
465 1275 496 1311 2.
530 1267 683 1310 hssvatus
702 1276 741 1310 de
758 1277 908 1310 trinitate
925 1288 998 1322 cap.
1016 1277 1042 1312 I.
1076 1277 1311 1311 Damascenus
1329 1279 1369 1312 de
1385 1279 1452 1312 fide
1471 1279 1664 1314 orthodoxa

110 1322 170 1358 h'b.
188 1321 220 1357 2.
238 1333 312 1367 cap.
337 1321 369 1356 3.
386 1322 446 1355 lib.
463 1321 519 1355 IV.
543 1332 615 1367 cap.
633 1322 726 1357 XIV.
776 1323 911 1356 Aeneas
942 1322 1098 1356 Gazaeus
1126 1324 1163 1356 in
1192 1323 1417 1369 Theophrast.
1456 1326 1661 1359 Anastasius

110 1368 255 1412 Synaita
270 1367 329 1402 lib.
347 1367 374 1402 Ι.
391 1368 429 1401 111
443 1367 602 1402 hexaem.
652 1368 818 1412 Origenes
836 1368 906 1413 περὶ
924 1366 1034 1413 ἀρχῶν
1057 1369 1115 1402 lib.
1135 1368 1164 1402 2.
1183 1380 1256 1414 cap.
1275 1369 1363 1404 VIII.
1380 1370 1415 1403 in
1435 1370 1587 1405 Genesin
1602 1370 1663 1405 ho-

110 1413 183 1448 mil.
198 1412 225 1448 I.
243 1413 280 1447 in
295 1412 510 1447 Matthaenm
526 1424 600 1458 cap.
617 1414 700 1447 XX.
716 1418 814 1448 tract.
832 1414 877 1447 X.
903 1414 1060 1447 Ambros.
1077 1413 1235 1449 hexaem.
1253 1415 1311 1449 lib.
1326 1415 1352 1450 I.
1369 1426 1442 1460 cap.
1457 1416 1496 1448 V.
1513 1417 1548 1450 111
1565 1428 1662 1461 prae-

109 1459 239 1493 fatione
261 1459 474 1504 psalmorum
497 1459 557 1492 fol.
574 1458 651 1494 649.
692 1458 787 1493 Beda
802 1463 885 1492 tom.
903 1459 989 1492 VIII.
1007 1465 1139 1504 quaest.
1156 1460 1218 1494 IX.
1241 1460 1300 1493 fol.
1318 1460 1394 1494 398.
1439 1461 1582 1495 Photius
1614 1463 1662 1496 bi-

110 1503 231 1539 blioth.
247 1504 308 1539 fol.
325 1504 403 1539 473.
432 1504 581 1538 Iunilius
599 1504 639 1538 de
655 1505 810 1550 partibus
828 1505 963 1538 divinae
980 1506 1067 1549 legis
1085 1506 1143 1540 lib.
1163 1505 1194 1540 2.
1213 1517 1288 1550 cap.
1307 1507 1337 1539 2.
1362 1507 1578 1551 Augustinus
1599 1508 1660 1543 lib.

110 1561 180 1584 3110
197 1550 238 1583 de
257 1549 382 1586 Genes.
401 1550 444 1584 ad
460 1550 610 1583 litteram
628 1561 700 1595 cap.
718 1550 774 1584 III.
794 1556 827 1583 et
844 1550 899 1584 IV.
919 1551 977 1584 lib.
997 1550 1028 1583 ⁵2.
1045 1561 1118 1596 cap.
1134 1550 1165 1584 8.
1187 1551 1223 1584 in
1240 1553 1502 1596 quaestionibus
1519 1553 1561 1586 ad
1579 1552 1662 1587 Oro-

109 1596 200 1629 sium
215 1599 299 1630 tom.
315 1595 372 1629 IV.
390 1596 590 1641 quaestione
606 1595 705 1630 XXI.
741 1595 809 1629 Sed
826 1596 866 1629 de
883 1595 936 1629 his
954 1602 1070 1630 tamen
1087 1595 1172 1629 nihil
1189 1597 1363 1631 evidenter
1378 1598 1414 1631 in
1431 1599 1663 1632 ecclesiastica

108 1641 363 1687 praedicatione
390 1641 572 1686 profertur.
620 1641 786 1686 Origenes
816 1641 851 1674 in
874 1642 1048 1686 prooemio
1071 1642 1150 1675 libri
1171 1642 1241 1687 περὶ
1267 1640 1378 1688 ἀρχῶν
1399 1643 1458 1678 fol.
1476 1644 1552 1678 421.
1600 1645 1666 1678 Est

109 1689 193 1720 enim
210 1688 298 1721 illud
310 1689 347 1720 in
362 1688 596 1721 ecclesiastica
610 1689 880 1732 praedieatione,
899 1699 966 1720 esse
983 1689 1120 1731 anqelos
1137 1689 1193 1721 dei
1208 1691 1382 1732 quosdam,
1407 1696 1438 1722 et
1452 1693 1592 1723 virtutes
1608 1691 1662 1724 bo-

109 1744 183 1773 nas,
200 1735 257 1777 qui
271 1735 305 1766 ei
320 1735 509 1766 ministrent
522 1734 571 1766 ad
584 1734 723 1766 salutem
741 1732 905 1765 hominum
923 1735 1224 1773 consumnmndam,
1247 1736 1308 1767 sed
1322 1736 1454 1778 quando
1470 1738 1530 1768 isti
1553 1739 1664 1769 creati

109 1784 194 1818 eunt,
218 1779 422 1823 etquomodo
437 1784 522 1819 eunt,
547 1791 607 1811 non
632 1781 718 1811 satis
742 1781 774 1810 1'11
793 1781 967 1822 manifesto
992 1780 1220 1822 distinquitur.
1259 1779 1429 1813 Eusebius
1446 1781 1483 1814 in
1499 1782 1662 1826 apologia

132 1835 171 1858 ro
190 1822 331 1869 Origine
346 1827 431 1858 tom.
448 1823 512 1858 IX.
530 1823 621 1869 apud
637 1824 834 1867 Hieronym.
852 1823 912 1858 fol.
936 1823 1007 1858 137.
1032 1823 1266 1858 Theodoretus
1283 1826 1319 1858 13
1338 1825 1463 1859 Genes.
1481 1832 1614 1871 quaest.
1629 1826 1660 1861 3.

124 1867 320 1915 ‘piphanius
336 1872 456 1903 contra
471 1869 617 1903 Paulum
634 1869 914 1903 Samosatensem
931 1868 1063 1903 haeresi
1078 1870 1365 1904 LXVsAthanas.
1390 1871 1432 1904 ad
1452 1872 1660 1906 Antiochum

133 1920 242 1948 uaest.
257 1914 316 1950 III.
356 1915 466 1949 Autor
490 1915 531 1948 de
554 1915 722 1948 Incarnat.
740 1915 836 1948 verbi
860 1915 951 1959 apud
974 1915 1159 1959 Augustin.
1177 1919 1260 1950 tom.
1277 1916 1332 1950 IV.
1351 1927 1425 1962 cap.
1443 1917 1499 1951 IV.
1539 1918 1659 1952 Petrus

108 1926 324 1995 {ombardus
341 1964 428 1995 sent.
445 1961 505 1994 lib.
524 1960 555 1994 2.
573 1960 720 1993 distinct.
739 1960 769 1992 ’2.
811 1959 906 1993 Unde
929 1960 1081 1994 Iulianus
1098 1961 1184 2006 Imp.
1208 1962 1285 1995 vilis
1309 1968 1469 2007 apostata.
1490 1964 1527 1996 in
1549 1964 1659 1997 tribus

109 2016 197 2051 quos
213 2011 334 2040 contra.
348 2010 467 2040 sancta
484 2006 664 2050 evangelia
678 2016 873 2050 nomenque
888 2004 1120 2039 Christianum
1137 2008 1290 2040 evomuit
1305 2008 1412 2049 libris,
1429 2009 1576 2053 Moysen
1588 2020 1660 2043 ma-

109 2051 244 2086 ximum
267 2056 302 2085 et
323 2051 599 2085 vetustissimum
622 2050 867 2096 prophetarum
888 2051 1089 2085 inscientiae
1111 2053 1238 2097 arguit,
1263 2053 1353 2097 quod
1375 2065 1446 2087 non
1468 2055 1659 2089 nativitatis

109 2097 323 2142 angelorum,
338 2107 451 2142 neque
466 2097 630 2135 facturae,
646 2107 758 2166 38238
783 2097 953 2141 quomodo
978 2097 1135 2141 producti
1159 2099 1236 2139 sint,
1261 2100 1469 2134 meminerit.
1512 2099 1659 2145 Cyrillus

108 2142 278 2176 Alexand.
296 2146 417 2176 contra
430 2141 603 2176 Iulianum
620 2141 676 2175 lib.
695 2143 726 2176 ἱ..
745 2142 803 2175 fol.
821 2141 874 2175 32.
892 2142 948 2175 lib.
966 2142 997 2176 3.
1014 2142 1072 2177 fol.
1089 2143 1143 2178 64.

176 2187 222 2222 Ut
235 2199 306 2221 non
322 2191 415 2221 esset
429 2187 540 2221 otiosa
557 2187 611 2220 dei
627 2187 776 2230 bonitas]
800 2186 917 2221 lohan.
931 2187 1165 2222 Damascenus
1183 2189 1223 2222 de
1240 2189 1306 2223 fide
1323 2189 1515 2224 orthodoxa
1530 2191 1587 2225 lib.
1602 2191 1659 2225 IV.

109 2243 183 2279 cap.
200 2232 293 2267 XIV.
325 2231 366 2266 ‘O
383 2231 502 2276 ἀγαθὸς
520 2232 572 2264 καὶ
589 2230 793 2287 παντᾶγαθος
811 2232 862 2265 καὶ
886 2231 1085 2278 §nepai-(2003
1104 2234 1189 2277 θεὸς,
1214 2233 1230 2266 ὁ
1249 2233 1324 2274 ὅλος
1343 2236 1386 2268 ὢν
1405 2235 1583 2281 ἀγαθότης,
1608 2237 1659 2270 διὰ

109 2278 165 2311 τὀν
182 2276 428 2323 ὑπερβάλλοντα
444 2277 586 2310 πλοῦτον
600 2279 654 2320 τῆς
672 2281 771 2310 αυτοῦ
790 2277 990 2323 ἁγαθότητος
1008 2278 1067 2312 οὔκ
1083 2278 1238 2325 ἠνέσχετο
1259 2282 1358 2324 μόνον
1375 2277 1452 2314 εἶναι
1468 2281 1505 2314 τὸ
1524 2281 1657 2327 ἀγαθὸν,

107 2323 181 2367 ἤτοι
202 2322 259 2367 τὴν
276 2321 391 2356 ἑαυτοῦ
409 2323 519 2367 φύσιν,
537 2322 600 2355 ὑπὸ
619 2323 753 2367 μηδενὸς
767 2324 992 2378 nezelon-evoro,
1006 2322 1092 2357 ἀλλὰ
1105 2325 1157 2357 καὶ
1170 2326 1286 2358 τούτου
1303 2324 1397 2371 χάριν
1411 2326 1550 2370 ἐποίησε,
1568 2330 1658 2373 πρῶ-

109 2380 164 2402 τον
182 2368 238 2414 μὲν
255 2368 310 2407 τὰς
326 2368 436 2414 νοερὰς
453 2368 506 2401 καὶ
523 2367 689 2413 οὐρανίους
707 2368 862 2414 δυναμεις,
888 2372 955 2402 εἶτα
978 2370 1032 2402 τον
1057 2368 1174 2415 ὁρατὸν
1198 2371 1251 2403 καὶ
1268 2370 1418 2413 ἁιςθητὸν
1436 2374 1571 2418 κόσμον,
1591 2370 1658 2406 εἶτα

109 2413 145 2448 ἐκ
165 2417 295 2460 νοεροῦ,
321 2414 374 2447 καὶ
397 2411 549 2456 ἆισθητοῦ
565 2413 621 2446 τὀν
647 2411 824 2458 ἄνθρωπον.
865 2414 974 2447 Πάν-,α
998 2414 1055 2460 μὲν
1079 2415 1135 2448 οὖν
1159 2416 1199 2448 τὰ
1215 2415 1277 2448 ὑπ”)
1296 2416 1397 2450 αὐτοῦ
1419 2419 1575 2468 γενόμενα
1591 2431 1658 2452 κοι-

109 2463 247 2493 νωνοῦσι
263 2462 318 2503 τῆς
335 2458 435 2492 αὐτοῦ
452 2456 652 2504 ἆγαθότητος
669 2459 751 2492 κατὰ
767 2459 803 2492 τὶ)
820 2455 907 2493 εἶναι.
945 2459 1048 2499 Αὐτὸς
1066 2460 1126 2505 γὰο
1144 2459 1210 2494 ἐστι
1227 2464 1292 2500 τοῖς
1311 2464 1388 2494 πᾶσι
1407 2474 1443 2495 το
1462 2459 1549 2503 εἶναι,
1575 2462 1656 2497 ἐπει-

110 2504 150 2549 δὴ
166 2503 197 2539 ἐν
214 2505 306 2551 αὐτῷ
323 2503 381 2538 εἰσὶ
397 2502 437 2537 τὰ
453 2501 541 2539 ὄντα.
582 2504 630 2538 Οὐ
648 2505 747 2548 μόνον
765 2504 814 2538 ὅτι
838 2505 933 2544 αὐτὸς
951 2504 986 2538 ἐκ
1002 2510 1060 2539 τοῦ
1078 2495 1121 2550 ui,
1139 2503 1230 2545 ὄντος
1248 2505 1288 2545 εἷς
1307 2507 1343 2539 τὸ
1361 2504 1437 2540 εἶναι
1455 2504 1656 2554 uitiante-15—

109 2563 219 2597 γαγεν.
236 2549 310 2584 ἀλλ’
328 2549 376 2583 ὅτι
391 2548 411 2592 ἡ
429 2549 529 2582 αὐτοῦ
546 2548 684 2594 ἐνέργεια
701 2549 740 2583 τὰ
752 2549 814 2582 ὑπὸ
834 2550 932 2583 αὐτοῦ
951 2552 1107 2596 γενόμενα
1123 2554 1270 2596 συντηρεῖ
1295 2552 1347 2584 καὶ
1365 2553 1499 2598 συνέχει.
1542 2554 1657 2588 Bonus

109 2603 144 2630 et
155 2597 346 2631 omnibonus
368 2602 401 2629 et
420 2596 623 2641 superbonus
645 2597 735 2639 deus,
761 2602 845 2629 ntus
861 2599 1003 2629 etz'stens
1019 2597 1165 2637 bonitas,
1181 2603 1322 2641 propter
1344 2600 1656 2642 superabundantes

111 2643 251 2676 divitias
271 2642 429 2676 bonitatis
444 2653 525 2674 suae
543 2653 605 2673 non
622 2653 746 2685 passus
762 2647 820 2681 eet,
841 2642 943 2674 solum
961 2653 1029 2674 8888
1046 2643 1160 2676 bonum
1185 2644 1239 2680 (id
1262 2649 1312 2675 est
1325 2656 1419 2676 suam
1435 2646 1541 2688 ipsius
1558 2652 1655 2678 natu·

108 2690 200 2730 ram)
217 2701 240 2721 a
257 2687 344 2721 nullo
354 2689 615 2732 participatum.
654 2686 765 2719 Huius
786 2689 906 2729 qratia
915 2689 1007 2730 jecit
1023 2690 1168 2731 primum
1193 2689 1321 2731 quidem
1351 2689 1595 2723 intellectuales
1626 2697 1657 2722 ee

110 2739 143 2766 et
157 2734 317 2767 caelestes
332 2736 483 2772 virtutes,
501 2733 620 2765 deinde
638 2731 797 2764 risibilem
815 2737 847 2764 et
860 2732 1046 2764 sensibilem
1063 2734 1225 2772 mundum,
1244 2745 1316 2766 mox
1333 2745 1372 2766 ez·
1386 2735 1607 2768 intellectuali
1623 2742 1655 2768 et

109 2778 260 2812 sensibili
275 2784 399 2812 natura
417 2777 587 2811 hominem.
628 2776 755 2810 Cuncta
774 2779 879 2820 iqitur
894 2789 978 2821 quae
995 2777 1037 2810 ab
1054 2780 1126 2822 ipso
1134 2779 1240 2821 sacta
1256 2785 1340 2818 eunt,
1353 2781 1571 2824 participant
1586 2782 1656 2813 eius

110 2824 288 2857 bonitatem
309 2825 485 2857 secundum
511 2834 589 2862 8888,
613 2824 693 2865 quia
715 2822 758 2854 ab
784 2824 854 2866 ipso
872 2829 903 2855 et
918 2825 951 2854 in
968 2825 1041 2867 ipso
1057 2829 1133 2855 sunt
1146 2825 1275 2856 omm'a:
1298 2836 1362 2857 non.
1378 2826 1471 2858 modo
1488 2828 1566 2869 quia
1583 2828 1655 2870 ipse

110 2881 150 2902 ea:
166 2868 270 2903 nihilo
286 2870 350 2902 illa
366 2870 415 2902 ad
429 2881 499 2902 8888
516 2869 662 2907 deduscit,
685 2868 746 2900 sed
760 2869 838 2910 quia
857 2870 961 2912 ipsius
978 2870 1079 2907 aetio,
1102 2880 1186 2911 quae
1203 2869 1245 2901 ab
1263 2872 1334 2914 ipso
1350 2872 1455 2913 sacta
1479 2877 1564 2911 sunt,
1579 2883 1654 2904 eon-

108 2920 225 2948 servat
237 2920 271 2948 et
289 2917 442 2948 continet.
467 2913 551 2947 Vide
571 2912 776 2956 Dionysium
802 2912 914 2958 Aerop
965 2913 1047 2946 'tam
1069 2913 1139 2957 περὶ
1155 2915 1210 2956 τῆς
1235 2913 1383 2959 οὐρανίου
1400 2914 1562 2960 ἱεραρχὶας
1580 2923 1654 2962 cap.

109 2958 165 2994 IV.
205 2958 389 3005 origenem
405 2959 476 3004 περὶ
493 2956 603 3004 ἀρχῶν
628 2958 685 2992 1111.
703 2957 733 2991 2.
751 2968 823 3003 cap.
840 2957 901 2993 IX.
958 2957 1058 2993 ohan.
1077 2957 1354 2994 Cantacuzenum
1371 2961 1507 3006 apolog.
1525 2960 1555 2995 2.
1573 2972 1653 2996 eon-

110 3009 163 3038 tra
179 3008 311 3038 seetam
324 3005 658 3039 Musulmannorum.

177 3049 258 3095 Cap.
274 3049 336 3085 XI.
356 3070 400 3076 —
434 3049 525 3084 Nihil
541 3050 776 3093 incorporeum
803 3049 1005 3083 credendum
1023 3049 1088 3083 nisi
1106 3050 1217 3084 solum
1233 3051 1348 3093 deum]
1389 3050 1592 3087 Damascen.
1613 3054 1654 3086 de

1321 3107 1386 3140 24⁸
