2052 3374
641 203 693 230 DE
711 203 946 231 inessemus
964 203 1087 230 mma.
1558 203 1637 244 213

173 310 339 353 Aetiani
359 309 411 352 ab
431 309 551 352 Aetio
573 313 670 352 sunt
689 311 838 363 vocati,
859 308 1067 364 iidemque
1085 308 1348 351 Eunomiami
1368 307 1420 350 ab
1435 305 1638 349 Eunomio

91 379 199 422 Aestii
220 377 443 433 discipulo,
465 391 544 433 quo
567 380 732 420 nomine
754 380 884 432 magis
905 380 1185 419 innotuerunt.
1235 376 1462 419 Eunomius
1484 378 1637 432 quippe

89 448 132 488 in
154 445 370 489 dialectica
388 446 633 502 praevalens
655 448 814 488 acutius
836 450 878 486 et
914 446 1116 487 celebrius
1146 446 1331 487 defendit
1357 446 1462 486 hanc
1491 445 1636 486 haere-

90 516 189 568 sim,
217 514 466 556 dissimilem
490 529 564 571 per
592 517 730 556 omnia
750 516 858 570 patri
881 528 1070 555 asserens
1093 514 1246 568 filium,
1274 519 1316 555 et
1338 514 1420 555 filio
1443 515 1638 569 spiritum

89 587 291 626 sanctum.
339 583 486 625 Fertur
507 586 635 625 etiam
655 597 784 638 usque
807 583 908 625 adeo
932 584 1057 624 fuisse
1080 583 1201 624 bonis
1222 582 1405 623 moribus
1428 584 1636 635 inimicus,

88 656 135 694 ut
154 656 411 694 asseveraret
439 652 549 707 quod
576 652 680 693 nihil
707 654 855 707 cuique
885 652 1049 694 obesset
1078 651 1357 706 quorumlibet
1383 652 1634 706 perpetratio

87 735 134 764 ac
154 722 464 777 perseverantia
485 724 770 776 peccatorum,
798 722 832 761 si
853 718 975 761 huius
998 733 1104 775 quae
1127 720 1178 761 ab
1200 720 1271 763 1110
1294 719 1519 762 docebatur
1539 719 1637 761 fidei

87 791 295 847 particeps
317 794 438 832 esset.

169 858 489 914 Apollinaristas
509 857 763 914 Apollinaris
785 859 985 911 instituit,
1014 858 1085 911 qui
1115 857 1164 898 de
1187 858 1325 899 anima
1347 856 1500 898 Christi
1522 870 1544 898 a
1567 872 1636 899 ca-

86 927 240 970 tholica
259 927 567 980 dissenserunt,
589 927 774 969 dicentes
796 928 903 968 sicut
923 926 1070 968 Ariani
1091 926 1215 968 deum
1236 926 1448 967 Christum
1469 940 1637 968 carnem

88 997 176 1038 sine
198 997 336 1037 anima
357 996 626 1052 ¹suscepisse.
675 995 725 1036 In
746 1008 827 1050 qua
848 996 1088 1049 quaestione
1110 995 1362 1036 testimoniis
1384 994 1636 1048 evangelicis

85 1066 186 1107 victi
205 1068 412 1118 mentem,
441 1078 520 1118 qua
550 1063 764 1106 rationalis
793 1068 856 1105 est
877 1065 1016 1105 anima
1036 1058 1239 1115 liominis,
1267 1062 1452 1104 defuisse
1474 1064 1636 1104 animae

88 1133 257 1186 Christi,
279 1133 354 1174 sed
374 1147 448 1188 pro
468 1132 546 1174 hac
568 1134 706 1187 ipsum
726 1133 902 1174 verbum
921 1134 966 1173 in
987 1145 1034 1174 00
1056 1132 1184 1173 fuisse
1207 1131 1413 1172 dixerunt.
1462 1130 1523 1172 De
1546 1133 1635 1186 ipsa

86 1215 182 1244 vero
203 1203 292 1244 eius
314 1216 435 1244 carne
457 1203 516 1244 sic
537 1216 561 1243 a
581 1206 693 1244 recta
713 1201 791 1243 side
815 1201 1063 1243 dissensisse
1084 1200 1369 1256 perhibentur,
1390 1203 1435 1240 ut
1453 1199 1638 1241 dicerent

89 1284 255 1314 carnem
275 1269 390 1312 illam
409 1274 451 1312 et
468 1270 643 1313 verbum
662 1272 786 1312 unius
808 1270 1076 1324 eiusdemque
1099 1270 1357 1311 substantiae
1370 1301 1380 1321 ,
1403 1270 1634 1311 000100110-

88 1341 253 1383 51551100
275 1344 561 1381 asseverantes
583 1339 756 1382 verbum
778 1353 946 1381 carnem
966 1340 1139 1392 factum,
1158 1339 1235 1380 1100
1259 1342 1322 1378 est
1343 1337 1459 1378 verbi
1480 1337 1637 1392 aliquid

86 1409 139 1451 in‘
152 1421 320 1450 carnem
338 1408 468 1450 fuisse
490 1422 734 1451 conversum
755 1413 878 1463 atque
899 1413 1118 1462 mutatum,
1138 1421 1223 1449 non
1242 1411 1382 1448 autem
1403 1420 1570 1448 carnem
1586 1406 1634 1448 de

85 1476 238 1520 Mariae
260 1491 382 1520 carne
402 1477 530 1519 fuisse
553 1482 799 1533 susceptam.

172 1545 562 1588 1Antidicomaritae
583 1547 780 1602 appellati
803 1550 898 1588 sunt
920 1545 1117 1587 haeretici
1144 1546 1214 1601 qui
1233 1544 1388 1587 Mariae
1408 1545 1637 1599 virginitati

86 1628 217 1670 usque
237 1614 339 1656 adeo
369 1614 680 1669 contradic-unt,
708 1619 752 1657 ut
779 1615 987 1657 affirment
1013 1628 1105 1656 eam
1130 1618 1227 1670 post
1254 1614 1465 1656 Christum
1491 1617 1635 1655 natum

86 1683 175 1726 viro
196 1696 269 1725 suo
290 1684 419 1725 fuisse
442 1685 720 1726 commixtam.

168 1751 427 1794 Postremam
452 1755 572 1809 ponit
597 1753 854 1808 Epiphanius
882 1751 1248 1795 massalianorum
1275 1751 1498 1805 haeresim,
1527 1751 1635 1807 quod

86 1834 241 1863 nomen
269 1834 321 1862 ex
349 1820 489 1875 lingua
520 1821 624 1877 Syra
656 1827 730 1863 est.
782 1823 936 1864 Graece
967 1825 1105 1863 autem
1135 1821 1328 1863 dicuntur
1356 1819 1553 1878 Εὐχῒται,
1583 1821 1634 1862 ab

88 1889 243 1932 orando
266 1891 325 1931 sic
346 1890 554 1946 appellati.
605 1891 787 1932 Tantum
814 1892 926 1932 enim
947 1894 1086 1944 orant,
1112 1894 1157 1930 ut
1189 1890 1249 1932 eis
1277 1890 1346 1944 qui
1372 1889 1449 1932 hoc
1480 1889 1529 1931 de
1551 1889 1634 1931 illis

88 1957 262 2001 audiunt
280 1958 528 2000 incredibile
548 1958 750 2001 videatur.
793 1958 901 2001 Nam
922 1973 1018 2002 cum
1039 1958 1232 2002 dominus
1254 1958 1419 2012 dixerit,
1440 1956 1635 2014 2Oportet

88 2039 252 2083 semper
281 2041 398 2069 orare
431 2032 473 2069 et
499 2041 585 2070 non
611 2027 807 2081 deficere,
838 2032 878 2069 et
906 2027 1138 2084 apostolus,
1167 2027 1291 2070 3Sine
1324 2028 1633 2070 intermissione

89 2099 216 2149 orate,
255 2095 366 2150 quod
396 2097 616 2137 sanissime
645 2097 705 2138 sic
736 2098 956 2152 accipitur,
986 2101 1032 2139 ut
1062 2097 1175 2139 nullo
1208 2097 1274 2138 die
1304 2097 1634 2139 intermittantur

89 2168 201 2206 certa
214 2167 401 2220 tempora
413 2165 571 2217 orandi,
591 2166 724 2206 —isti
740 2166 797 2206 ita
813 2167 936 2207 nimis
953 2165 1030 2207 hoc
1046 2166 1218 2219 faciunt,
1234 2171 1280 2207 ut
1290 2165 1387 2207 hinc
1398 2166 1632 2208 iudicaren-

88 2236 154 2275 tur
173 2234 282 2275 inter
302 2233 533 2275 haereticos
560 2233 818 2276 nominandi.
869 2235 1067 2285 Quamvis
1096 2234 1286 2276 nonnulli
1315 2248 1383 2277 eos
1414 2235 1557 2276 dicant
1583 2235 1633 2277 de

88 2303 332 2358 purgatione
353 2303 585 2344 animarum
606 2304 745 2344 nescio
776 2316 898 2357 quam
925 2303 1235 2360 phantasticam
1263 2307 1305 2345 et
1331 2303 1549 2345 ridiculam
1571 2305 1631 2346 fa-

74 2369 230 2413 bulam
247 2370 462 2424 4narrare,
489 2385 657 2427 porcam
679 2370 837 2413 scilicet
859 2386 953 2414 cum
972 2369 1165 2427 porcellis
1187 2374 1273 2414 suis
1294 2372 1425 2414 videri
1449 2375 1560 2414 exire
1583 2372 1631 2414 de

90 2451 159 2481 ore
183 2437 366 2482 hominis
394 2439 557 2494 quando
585 2445 802 2494 purgatur,
833 2444 873 2482 et
900 2443 944 2482 in
973 2454 1068 2482 eum
1096 2441 1252 2483 visibili
1282 2440 1472 2482 similiter
1495 2443 1630 2497 specie

89 2508 227 2562 ignem
247 2509 317 2563 qui
337 2522 420 2550 non
442 2508 655 2549 comburat
677 2509 843 2550 intrare.
886 2509 963 2552 His
984 2509 1171 2564 adiungit
1190 2508 1445 2565 Epiphanius
1466 2509 1631 2565 Euphe-

89 2577 227 2630 mitas,
243 2576 519 2631 Martyrianos
541 2581 582 2618 et
601 2577 615 2600 ⁵
628 2576 887 2631 satanianos,
908 2582 950 2620 et
968 2577 1043 2621 hos
1064 2592 1208 2620 omnes
1226 2592 1320 2620 cum
1336 2577 1418 2619 illis
1433 2581 1631 2632 tanquam

179 2698 261 2745 Gap.
276 2698 346 2734 LV.
363 2719 408 2724 —
435 2701 463 2735 1.
481 2701 522 2733 In
539 2700 636 2733 MSS.
653 2711 790 2735 carnem
807 2701 916 2735 solam
934 2703 1007 2736 sine
1024 2702 1138 2736 anima
1156 2702 1358 2747 suscepisse.
1406 2701 1564 2745 (Beued.)

179 2744 260 2790 Cap.
273 2745 359 2780 LVI.
377 2766 422 2770 —
449 2747 476 2779 1.
500 2745 599 2780 Edita·
620 2746 991 2789 Antidicomarianitae‚
1014 2749 1191 2782 secundum
1218 2749 1378 2781 Graecos.
1423 2747 1539 2781 Omnes
1557 2760 1631 2781 vero

92 2788 147 2823 hic
162 2789 285 2824 Latini
297 2790 394 2825 MSS.
411 2791 724 2826 Antidicomaritae.
765 2791 921 2837 (Bened.)

157 2834 239 2881 Cap.
257 2835 359 2870 LVII.
374 2857 419 2862 —
445 2837 473 2872 1.
490 2837 590 2870 Editi
603 2837 861 2872 Psallianorum.
885 2839 937 2872 At
944 2840 1098 2884 plerique
1110 2838 1206 2874 MSS.
1224 2838 1523 2872 Massalianorum.
1540 2839 1630 2872 Pau-

93 2881 198 2916 dores
211 2882 511 2926 Massilianorum,
529 2885 585 2927 qui
601 2889 709 2916 tamen
724 2883 952 2917 Massalianos
971 2890 1001 2917 et
1018 2887 1084 2928 ipsi
1097 2884 1221 2918 liabent
1234 2887 1266 2916 in
1277 2886 1423 2916 indiculo
1441 2891 1516 2916 aute
1526 2897 1630 2927 prae-

84 2927 261 2969 fationem.
286 2927 501 2961 concordam
519 2929 647 2961 Graeci
661 2930 853 2973 scriptores.
877 2929 1036 2973 (Beued.)
1084 2929 1114 2962 2.
1130 2929 1211 2964 Luc.
1227 2930 1351 2964 XYHI.
1376 2930 1401 2962 1.
1448 2930 1479 2963 ὅ.
1496 2929 1510 2962 l
1528 2930 1628 2965 Thes.

93 2970 252 3022 gakvu'l.
299 2972 330 3007 4.
347 2973 392 3006 In
402 2973 499 3007 MSS.
512 2974 629 3008 nescio
647 2984 716 3018 qua
726 2972 942 3018 phantastica
954 2980 987 3009 et
999 2974 1139 3009 ridicule
1149 2975 1310 3010 fabulosa
1322 2986 1469 3008 narrare.
1483 2974 1630 3020 (Bened.)

92 3024 125 3050 0.
141 3015 186 3050 In
201 3019 376 3069 §mpressis
397 3017 615 3060 Satamanos,
639 3031 750 3053 eorum
770 3021 852 3054 vitio
874 3022 931 3064 qui
953 3021 1146 3061 ediderunt,-
1172 3033 1245 3054 nam
1270 3032 1378 3054 omnes
1402 3020 1496 3054 MSS.
1513 3023 1633 3065 ferunt

94 3059 307 3097 Sammos.
355 3062 512 3107 (Bened.)

1664 315 1730 350 Cap.
1749 315 1823 343 L1V.

1662 865 1728 900 Cap.
1748 867 1804 892 LV.

1662 1551 1727 1584 Cap.
1746 1551 1818 1577 LVI.

1661 1758 1726 1790 Cap.
1746 1757 1832 1783 LVII.
