2052 3374
1583 185 1662 226 363

115 292 244 326 haeret.
261 301 335 336 cap.
350 290 476 324 XLIX.
493 290 657 325 adversus
674 291 885 325 Marcionem
897 291 956 326 lib.
971 290 1003 324 3.
1017 301 1089 335 cap.
1104 289 1191 324 vm.
1209 288 1421 334 Epiphanius
1439 287 1530 322 haer.
1545 287 1663 321 XXX.

118 336 261 371 Arethas
279 336 491 370 Caesariens.
511 336 581 382 Cap
608 337 703 371 adoc.
724 338 874 382 episcop.
892 337 925 370 in
944 336 1167 381 apocalypsin
1185 346 1256 380 cap.
1270 334 1357 367 VIII.
1389 332 1569 378 Nicephor.
1589 333 1663 367 Cal-

116 383 185 417 list.
201 383 320 417 eccles.
333 381 453 416 histor.
470 383 528 416 lib.
542 383 571 415 V
591 408 598 415 .
616 393 690 427 cap.
704 382 757 416 31.
799 382 959 416 Socrates
977 383 1033 415 lib.
1049 382 1072 415 l.
1087 392 1162 426 cap.
1182 381 1231 414 17.
1263 380 1466 425 Fulgentius
1492 379 1534 412 ad
1551 379 1664 412 Trasi-

116 428 283 462 mundum
299 427 496 472 Regemlib.
511 427 534 460 I.
560 427 727 461 Theodor.
745 427 823 472 Cyri
843 427 1123 472 episc.dialog.?.
1142 425 1268 460 Contra
1284 425 1389 459 fabul.
1399 424 1526 458 haeret.
1536 424 1663 459 lib.IV.

115 473 194 508 fine.
218 473 389 508 Manuelis
406 473 490 518 Imp.
507 473 626 518 Legat.
644 473 687 506 ad
703 474 883 506 Armenios
902 484 980 518 pag.
1002 473 1074 505 181.
1100 472 1244 517 Optatus
1261 471 1482 505 Milevitanus
1500 471 1663 504 adversus

115 519 274 561 Parmen.
290 519 349 553 lib.
363 519 419 552 IV.
444 519 648 552 Damascen.
666 519 706 552 de
723 517 854 552 haeres.
867 518 926 552 fol.
939 518 1016 552 584.
1041 517 1135 551 Beda
1151 518 1186 550 in
1199 517 1328 551 Lucam
1346 517 1404 552 lib.
1417 516 1472 550 VI.
1491 527 1517 550 c.
1532 515 1662 551 XXIII.

117 563 268 599 Basilius
284 565 435 609 Magnus
453 564 496 598 ad
513 564 745 610 Sozopolitan.
764 565 860 610 epist.
878 564 983 597 LXV.

182 610 309 644 Anima
323 621 395 644 non
418 610 549 654 absque
571 621 674 644 sensu
691 614 724 643 et
740 611 888 651 ratione,
913 614 950 643 ut
967 610 1246 654 Apollinaristae]
1279 608 1450 642 Honorius
1475 608 1516 642 de
1532 607 1664 641 haeres.

116 656 388 704 Apollinaristae
412 657 526 689 dicunt
543 655 708 688 Christum
726 668 846 700 corpu-3
862 662 986 689 tantum
1010 658 1081 687 sine
1098 658 1214 688 anima
1230 657 1430 699 suscepisse,
1457 661 1488 687 et
1510 655 1665 687 deitatem

111 713 177 746 pro
193 703 310 735 anima
326 701 492 734 habuisse.
517 701 720 735 Theodoret.
736 701 794 735 lib.
808 701 863 735 IV.
880 701 986 735 fabul.
1000 699 1130 734 haeret.
1151 701 1187 734 in
1211 701 1359 745 epitome
1384 699 1527 734 divinor.
1552 699 1664 733 decre-

116 750 180 782 tor.
196 745 256 780 fol.
267 746 346 781 40⁶2.
370 747 529 780 Vincent.
546 746 735 780 Lirinensis
754 750 871 780 contra
889 745 1020 780 haeres.
1038 757 1112 790 cap.
1128 745 1237 779 XVII.
1255 750 1288 779 et
1303 745 1418 779 XXII.
1449 744 1663 790 Nicephorus

116 791 247 827 Callist.
262 792 322 826 lib.
334 791 414 826 XII.
429 803 502 837 cap.
515 791 571 826 IV.
598 791 757 826 Socrates
773 793 830 826 lib.
845 791 885 826 ΙΙ.
905 803 979 837 cap.
995 791 1158 825 XXXVI.
1184 792 1399 835 Augustinus
1417 790 1457 824 de
1470 790 1664 824 LXXXIII.

116 838 308 883 quaestion.
325 842 407 872 tom.
420 837 476 871 IV.
494 838 694 882 quaestione
707 837 761 872 SO.
779 837 819 870 de
837 848 949 882 agone
963 836 1156 871 Christiano
1170 847 1243 881 cap.
1257 837 1354 871 XIX.
1372 835 1574 870 Theodoret.
1594 836 1665 870 dia-

116 884 184 929 log.
198 882 229 917 2.
254 882 415 917 Ruffinus
432 883 551 916 eccles.
568 882 687 917 histor.
705 883 763 918 lib.
780 883 842 917 XI.
859 893 931 928 cap.
944 883 1027 917 XX.
1054 882 1201 927 Cyrillus
1218 882 1275 916 lib.
1290 882 1344 917 Vl.
1362 883 1397 915 in
1414 881 1531 915 Iohan.
1550 893 1578 916 c.
1592 882 1664 915 VII.

116 928 272 963 Cassian.
288 929 346 962 lib.
364 929 393 962 l.
410 928 451 962 de
467 929 632 962 incarnat.
650 929 798 962 Domini.
815 928 979 962 Leontius
1003 928 1043 961 de
1066 928 1167 961 sectis
1190 938 1271 973 pag.
1287 928 1363 961 447.
1388 927 1664 971 Harmenopulus

116 985 149 1019 p.
161 973 239 1009 559.
269 973 435 1008 Paulinus
452 974 550 1018 epist.
566 974 678 1007 XXV.
695 973 898 1007 Nazianzen.
913 974 1010 1019 epist.
1027 974 1070 1007 ad
1088 973 1300 1007 Clenodium.
1331 972 1538 1006 Athanasius
1557 973 1597 1006 de
1614 973 1664 1006 in-

116 1023 246 1053 carnat.
271 1019 411 1053 Domini
433 1019 555 1052 tom.I.
596 1019 721 1052 Suidas
742 1020 777 1053 in
804 1030 888 1052 voce
915 1020 1140 1063 Apollinaris.
1169 1018 1320 1052 Thomas
1346 1019 1499 1062 Aquinas
1524 1029 1611 1052 sum.
1632 1018 1664 1052 3.

117 1068 247 1110 quaest.
259 1065 300 1098 V.
314 1069 376 1098 art.
389 1064 422 1099 3.
453 1065 624 1098 Manuelis
648 1065 735 1109 Imp.
750 1065 870 1109 Legat.
893 1065 936 1098 ad
953 1065 1134 1098 Armenios
1158 1077 1190 1110 p.
1213 1064 1285 1097 179.
1303 1068 1337 1097 et
1358 1064 1431 1098 133.
1465 1064 1664 1098 Theodorus

116 1111 296 1190 presb2yter
312 1110 354 1144 de
369 1111 537 1145 incarnat.
562 1110 700 1144 Domini
716 1122 749 1155 p.
766 1110 841 1144 231.
866 1109 1111 1155 Theophylact.
1128 1110 1164 1144 in
1180 1108 1298 1143 Iohan.
1317 1121 1344 1143 c.
1359 1109 1383 1142 Ι.
1401 1110 1435 1142 in
1450 1108 1662 1143 Matthaeum

119 1167 158 1190 ca
185 1182 193 1190 .
235 1182 242 1190 .

160 1167 270 1236 PCaro
295 1201 426 1246 absque
450 1201 566 1234 anima
588 1205 627 1234 ut
650 1201 858 1244 Eunomius]
897 1202 1085 1235 Eunomius
1111 1212 1247 1235 carnem
1276 1202 1311 1235 in
1340 1201 1501 1234 deitatem
1529 1212 1664 1234 versam

116 1246 346 1292 praedicabat.
370 1247 544 1280 Honorius
560 1247 801 1292 Augustodun.
821 1248 970 1292 episcop.
989 1248 1028 1281 de
1045 1246 1176 1282 haeres.

182 1292 291 1326 Veros
311 1292 349 1326 in
368 1293 529 1337 passione
553 1297 587 1326 et
609 1298 688 1326 ante
710 1294 909 1338 passionem
933 1304 1015 1327 suae
1032 1293 1144 1326 carnis
1168 1292 1302 1326 dolores
1320 1293 1496 1335 sustinuit]
1539 1292 1666 1326 Contra

115 1336 394 1379 Mahumetistas,
423 1337 659 1379 Simonianos,
687 1338 935 1379 Basilidianos‚
958 1339 1136 1380 Marcstas,
1163 1338 1412 1379 Cerdonianos‚
1432 1339 1665 1379 Marcionitas,

115 1383 299 1429 Apellitas,
322 1383 471 1417 Docetas
496 1388 528 1417 et
545 1383 766 1417 Manichaeos
777 1411 785 1425 ‚
803 1385 861 1429 qui
877 1384 954 1418 ficte
973 1389 1005 1417 et
1021 1385 1172 1429 putative
1189 1389 1324 1417 tantum
1335 1411 1343 1425 ,
1367 1395 1438 1418 non
1455 1389 1570 1417 autem
1586 1395 1665 1417 vere

116 1439 258 1475 passum
274 1428 447 1463 Christum
463 1429 648 1464 affirmant.
674 1429 873 1463 Philastrius
888 1429 1017 1463 haeres.
1031 1429 1180 1463 XXXII.
1193 1429 1299 1463 XLII.
1315 1429 1435 1463 XLIV.
1453 1429 1558 1464 XLV.
1574 1429 1664 1464 LXI.

115 1474 301 1520 Augustin.
319 1474 359 1508 de
375 1473 506 1508 haeres.
525 1486 598 1519 cap.
616 1475 640 1510 Ι.
658 1475 712 1510 IV.
730 1475 823 1510 XIV.
841 1475 923 1509 XX.
941 1475 1070 1510 XXIII.
1084 1475 1205 1509 XLVI.
1231 1476 1451 1509 Sarracenica
1465 1486 1552 1520 quae
1567 1475 1666 1509 Corn-

115 1521 263 1554 melinus
295 1520 400 1554 edidit
421 1531 500 1554 ann.
522 1520 697 1554 MDXC-V.
752 1522 900 1554 Alcorau
931 1532 1053 1554 azoara
1076 1521 1137 1554 XI.
1160 1521 1218 1555 fol.
1241 1521 1295 1554 37.
1350 1520 1468 1554 Iohan.
1499 1520 1665 1554 Cantacu-

116 1574 258 1600 zenusa
283 1565 374 1610 olog.
391 1565 422 1600 2.
446 1571 567 1600 contra
581 1567 855 1607 Mohumetistas,
873 1566 1019 1611 Cyrillus
1036 1566 1222 1601 Alexandr.
1241 1566 1448 1600 anathemat.
1465 1565 1543 1599 XII.
1582 1565 1665 1604 Εἴτις

117 1610 182 1657 οὐχ
200 1609 264 1656 ὁμο
289 1613 358 1656 ογεῖ
379 1610 434 1644 τὀν
452 1615 510 1644 τοῦ
528 1611 600 1644 θεοῦ
617 1611 718 1656 λόγον
732 1612 877 1644 παθόντα
895 1611 999 1656 aaroni,
1017 1612 1069 1644 καὶ
1083 1610 1325 1657 ἐσταυρωμένον
1340 1612 1444 1656 σαρκὶ,
1463 1611 1514 1644 καὶ
1529 1609 1665 1644 θανάτου

115 1654 312 1702 γευσάμενον
334 1656 439 1701 σαρκὶ,
464 1655 605 1702 ἀνάθεμα
629 1655 723 1690 ἔστω.
763 1658 1009 1702 Interpretatur
1032 1657 1203 1692 anathem.
1221 1658 1318 1691 illum
1334 1658 1370 1691 in
1386 1658 1500 1691 libello
1518 1658 1561 1690 ad
1577 1657 1666 1691 Euo·

115 1702 227 1748 ptium
242 1705 324 1736 tom.
340 1701 397 1736 IV.
413 1702 472 1736 fol.
490 1702 566 1736 219.
610 1703 755 1736 Frustra
773 1704 905 1737 dubitat
920 1705 1130 1747 etformidat
1143 1707 1324 1748 quisquam,
1340 1716 1379 1736 ne
1391 1704 1585 1748 passibilem
1596 1704 1667 1747 filii

117 1754 275 1782 naturam
290 1751 499 1782 sacramenti
515 1761 620 1782 sermo
644 1750 808 1789 declaret,
832 1751 963 1793 quando
981 1750 1106 1782 dic-itur
1131 1761 1234 1782 earne
1252 1752 1341 1794 pati.
1388 1749 1558 1794 Propriae
1581 1752 1666 1782 enim

107 1795 199 1839 fiunt
205 1796 345 1838 proprii
360 1796 514 1838 corporis
523 1797 711 1839 passiones.
752 1794 826 1827 Hoc
849 1797 971 1827 sentire
993 1797 1082 1827 risus
1105 1801 1154 1827 est
1176 1801 1207 1827 et
1227 1801 1364 1827 sanc-tas
1387 1794 1508 1828 Petrus
1532 1796 1664 1828 clii-ens.-

118 1838 250 1872 Clln'eto
268 1841 372 1882 ἱρέων
382 1851 488 1884 passo
507 1852 574 1884 pro
592 1841 683 1873 nobis
698 1843 732 1872 in
751 1851 865 1874 carne.
903 1841 1013 1873 Aliud
1028 1846 1135 1873 autem
1154 1846 1203 1873 est
1225 1842 1338 1873 dicere
1356 1843 1437 1884 pati
1452 1843 1486 1873 in
1504 1852 1618 1880 earne,
1636 1846 1667 1872 et

117 1885 215 1918 aliud
227 1885 427 1929 simpliciter
444 1886 557 1918 dicere
568 1888 648 1930 pati
663 1887 853 1918 divinitatis
870 1892 1037 1919 naturam.
1081 1885 1171 1924 Quia
1196 1889 1280 1918 enim
1299 1887 1383 1919 idem
1409 1888 1489 1919 deas
1505 1887 1604 1918 simul
1619 1892 1668 1919 est

117 1941 160 1964 ae
177 1930 281 1970 homo,
304 1931 524 1975 impassibilis
547 1933 675 1974 quidem
693 1937 849 1975 quantum
875 1933 923 1964 acl
944 1933 1134 1964 divinitatis
1157 1934 1278 1964 attinet
1300 1938 1468 1972 naturam,
1488 1932 1666 1976 passibilis

116 1987 193 2010 vero
213 1977 394 2009 secundam
417 1975 665 2009 humanitatem.
718 1976 809 2015 Quid
829 1976 884 2009 hic
910 1978 1068 2017 absurdi,
1090 1980 1121 2010 si
1138 1979 1264 2010 dicitur
1275 1980 1356 2022 pati
1380 1980 1413 2010 in
1438 1989 1473 2010 eo
1490 1979 1577 2021 quod
1587 1980 1667 2021 pati

115 2027 237 2066 potest,
253 2023 310 2065 qui
325 2024 449 2054 mansit
464 2023 681 2065 impassibilis
699 2024 731 2054 ἰη
750 2034 785 2055 eo
803 2023 889 2066 quod
898 2025 979 2067 pati
995 2035 1057 2055 non
1068 2025 1202 2067 potest?
1224 2022 1263 2056 In
1281 2023 1374 2056 Actis
1394 2022 1536 2056 Coucilii
1553 2021 1664 2068 Ephe-

117 2066 184 2101 sini
200 2069 282 2101 tom.
298 2065 324 2101 I.
341 2077 415 2112 cap.
432 2067 473 2101 V.
489 2067 548 2100 fol.
565 2067 619 2100 57.
655 2067 794 2112 Χριστοῦ
819 2064 873 2100 οὖν
897 2068 1056 2106 παθόντος
1081 2067 1159 2113 ὑπὲρ
1181 2067 1274 2113 ἡμῶν
1293 2067 1397 2101 ezoni.
1423 2066 1467 2106 ὡς
1485 2067 1545 2114 γὰρ
1565 2067 1665 2101 ὑπάρ-

116 2123 234 2166 γχοντος
251 2111 324 2144 θεοῦ
341 2114 399 2144 τοῦ
414 2112 572 2156 Χριστοῦ,
595 2114 705 2157 σοφῶς
724 2112 775 2145 καὶ
798 2111 965 2158 ἐμφρόνως
984 2111 1000 2146 ὁ
1020 2112 1161 2157 μαθητὴς
1180 2113 1273 2159 σαρκὶ
1291 2102 1479 2147 πεὲτονθέναι
1497 2113 1589 2158 φησὶν
1608 2102 1665 2146 αθ-

117 2169 183 2190 τον.
201 2155 368 2202 ὑπεξάγων
386 2160 443 2190 τοῦ
460 2157 571 2190 παθεῖν
595 2157 651 2200 τὴν
670 2155 852 2203 ἇπόρὃτον
876 2159 983 2203 φύσιν,
1007 2156 1044 2202 ἧς
1067 2156 1239 2204 ἀλλότριον
1263 2158 1299 2192 το
1324 2160 1446 2192 παθεῖν.
1473 2158 1536 2192 ἰδία
1560 2159 1664 2192 τοίνυν

117 2202 256 2236 πέπονθε
271 2202 381 2247 σαρκὶ,
405 2202 509 2235 καίτοι
530 2205 587 2235 τοῦ
611 2203 721 2236 παθεῖν
746 2191 887 2249 ἂμοιρεῖν
910 2203 1082 2250 εἰθισμένος
1107 2202 1123 2237 ὁ
1147 2203 1180 2238 ἐκ
1204 2205 1276 2238 θεοῦ
1298 2204 1408 2250 λόγος.
1436 2204 1505 2244 θεὸς
1525 2197 1585 2238 ὀὖν
1604 2203 1664 2249 ἆρα

116 2246 262 2293 Χριστος·
282 2247 393 2286 θεϊκῶς
414 2247 470 2293 μὲν
491 2247 627 2291 ἀπαθὴς,
646 2248 788 2291 παθητὸς
807 2249 841 2282 δὲ
858 2249 940 2282 κατὰ
956 2249 1012 2294 τὴν
1031 2248 1144 2295 σάρκα.
1187 2250 1321 2284 Christo
1346 2251 1452 2295 igitur
1475 2261 1577 2296 passo
1603 2262 1663 2296 pro

116 2293 216 2328 nobis
232 2293 268 2327 in
284 2303 397 2328 carne.
446 2293 525 2326 Cum
543 2293 696 2327 Christus
710 2297 755 2327 sit
770 2307 866 2328 veru-9
883 2297 971 2337 deus,
996 2303 1084 2330 reete
1104 2305 1335 2341 sapienterque
1353 2298 1537 2341 discipulus
1561 2308 1665 2329 carne

115 2340 210 2372 illum
225 2350 365 2384 passum
389 2341 552 2384 affirmat.
592 2339 672 2373 Hae
697 2343 781 2374 enim
805 2344 957 2375 oratione
979 2349 1136 2375 naturam
1163 2343 1256 2375 illam
1281 2345 1482 2383 Immensum,
1507 2345 1541 2375 in
1566 2354 1663 2386 quam

117 2385 211 2418 nulla
222 2387 395 2429 perpessio
419 2386 522 2425 cadit,
546 2385 588 2418 ab
607 2388 696 2418 omni
712 2389 925 2431 perpessione
949 2391 1074 2421 eremit.
1112 2387 1183 2421 Sua
1209 2391 1312 2432 iggitur
1337 2400 1441 2421 earne
1458 2400 1584 2432 passus
1606 2394 1663 2421 est.

117 2429 211 2464 Nam
227 2430 284 2463 dei
304 2430 436 2463 verbum
458 2432 635 2464 secundum
658 2443 692 2464 se
717 2433 837 2465 nullius
856 2436 1083 2477 perpe-§sionis
1105 2446 1219 2478 capax:
1242 2440 1298 2466 est.
1347 2433 1501 2466 Christus
1519 2435 1663 2477 proinde

119 2478 199 2510 deus
214 2481 272 2516 est,
288 2477 345 2520 qui
359 2476 488 2520 quidem
503 2478 678 2509 secundum
697 2479 847 2510 ‹liz-inam
865 2484 1021 2512 naturam
1036 2482 1115 2523 pati
1131 2481 1261 2511 mim‘me
1274 2485 1392 2523 potest,
1409 2480 1586 2511 seeundum
1605 2478 1662 2511 liu<

118 2533 251 2555 manant
269 2527 377 2554 autem
388 2527 508 2566 potest.
554 2521 662 2566 Epist.
679 2522 724 2556 X.
742 2523 784 2556 ad
801 2522 997 2557 Nestorium
1013 2524 1072 2558 fol.
1091 2524 1207 2557 XXX.
1249 2524 1447 2568 Confitentur
1469 2526 1556 2567 quoti
1578 2525 1662 2556 idem

117 2569 190 2612 ipse
205 2568 262 2612 qui
277 2578 317 2613 ep
333 2567 392 2600 deo
410 2572 512 2611 patre
533 2569 665 2610 yenitus
679 2569 775 2611 filius
799 2575 846 2601 est
865 2581 907 2601 ae
925 2570 1213 2613 deasuniyenitns,
1238 2571 1370 2602 tametsi
1390 2571 1566 2602 secundam
1584 2582 1662 2614 pro-

113 2614 230 2657 priam
247 2618 405 2645 naturam
426 2614 472 2644 sit
491 2613 720 2656 impassibilis,
738 2626 842 2646 earne
865 2620 972 2647 tamen
990 2626 1114 2659 passus
1137 2617 1182 2646 sit
1193 2627 1258 2658 pro
1275 2615 1367 2646 nobis
1383 2616 1561 2647 secundum
1577 2617 1663 2647 scri-

112 2663 249 2702 pturae,
265 2663 304 2691 ut
305 2659 474 2702 propriae
491 2660 608 2690 carni-5
618 2661 795 2701 passiones
812 2661 843 2691 in
870 2672 1010 2703 corpore
1026 2661 1186 2703 crucifixo
1212 2660 1429 2703 1'111passz'l,·il1's
1451 2660 1518 2692 sibi
1539 2672 1663 2704 appro-

113 2705 296 2748 priaverit,
313 2709 345 2736 et
356 2705 477 2747 qratia
493 2704 549 2735 dei
568 2715 631 2746 pro
647 2704 793 2736 omnihus
807 2707 996 2747 yustarerit
1017 2711 1149 2738 mortem
1167 2707 1309 2749 proprio
1335 2706 1387 2737 illi
1409 2706 1488 2738 dato
1513 2717 1662 2749 corpore,

119 2749 199 2782 licet
218 2750 395 2782 secundum
420 2754 574 2781 naturam
597 2760 690 2781 suam
716 2751 785 2793 ipse
809 2752 878 2782 vita
903 2752 947 2782 sit
971 2756 1002 2782 et
1024 2753 1235 2784 resurrectio.
1284 2749 1320 2783 Iu
1343 2750 1489 2795 exposit.
1514 2751 1661 2794 symbol.

118 2793 258 2828 Nicaen.
274 2793 334 2828 fol.
352 2793 427 2828 229.
444 2797 526 2827 tom.
544 2793 598 2826 IV.
647 2794 859 2838 [mpla-&sibile
884 2797 973 2827 eitra
991 2808 1113 2827 οηιηνιη
1138 2798 1397 2828 controversiam
1409 2822 1416 2835 ‚
1441 2802 1596 2840 quantum
1616 2798 1664 2830 ad

119 2851 213 2873 suam
229 2846 387 2873 naturam
403 2842 535 2880 attinet,
561 2846 610 2872 est
625 2840 754 2872 rerbum
773 2841 845 2872 dei.-
862 2847 894 2873 et
910 2841 1017 2873 nullus
1033 2847 1100 2873 tam
1119 2843 1277 2874 attonitus
1294 2848 1356 2881 est,
1381 2843 1437 2885 qui
1447 2849 1572 2885 putare
1584 2854 1662 2886 pos-

119 2886 172 2926 sit,
189 2891 346 2918 naturam
363 2897 448 2930 quae
463 2897 562 2929 super
575 2887 702 2925 onmia,
722 2888 915 2930 passionum
935 2898 1107 2930 capacem.
1135 2886 1222 2926 Quia
1242 2894 1347 2920 autem
1357 2890 1478 2930 jactus
1494 2894 1541 2920 est
1557 2887 1661 2927 Ιιοηιο,

113 2941 180 2975 pro
225 2932 293 2964 iam
310 2943 444 2964 carnem
453 2933 556 2975 fecit,
582 2942 666 2975 quae
683 2942 722 2962 es·
737 2938 858 2964 saneta
877 2933 1016 2975 virqine.
1059 2931 1132 2964 Hoc·
1156 2935 1261 2975 iyimr
1285 2934 1376 2964 modo
1402 2933 1662 2976 dispensationis

120 2987 178 3008 ver
200 2988 222 3009 a
238 2983 405 3021 sequentes
420 2979 454 3009 in
472 2988 575 3009 earne
587 2978 733 3020 propria
745 2988 883 3020 passum
902 2989 970 3009 esse
987 2976 1129 3010 humano
1147 2990 1234 3010 more
1258 2990 1326 3011 cum
1352 2980 1407 3022 qui
1423 2984 1520 3011 extra
1537 2991 1661 3012 omnem

115 3023 305 3066 passionem
322 3028 371 3055 est
384 3029 493 3067 utpote
510 3023 602 3054 deum
621 3023 838 3065 affirmamus.
864 3021 902 3055 In
919 3022 1013 3055 Actis
1032 3021 1160 3056 Concil.
1178 3022 1339 3068 Ephesini
1356 3026 1439 3057 tom.
1454 3021 1477 3056 I.
1495 3033 1569 3069 cap.
1583 3023 1659 3058 XII.
