<?xml version="1.0" encoding="UTF-8"?>
<!DOCTYPE html PUBLIC "-//W3C//DTD XHTML 1.0 Transitional//EN"
    "http://www.w3.org/TR/xhtml1/DTD/xhtml1-transitional.dtd">
<html xmlns="http://www.w3.org/1999/xhtml" xml:lang="en" lang="en">
 <head>
  <title>
</title>
<meta http-equiv="Content-Type" content="text/html;charset=utf-8" />
  <meta name='ocr-system' content='tesseract 3.04.00' />
  <meta name='ocr-capabilities' content='ocr_page ocr_carea ocr_par ocr_line ocrx_word'/>
</head>
<body>
  <div class='ocr_page' id='page_1' title='image "./corporishaereseo01epipuoft_0051.png"; bbox 0 0 2084 3374; ppageno 0'>
   <div class='ocr_carea' id='block_1_1' title="bbox 740 228 1730 268">
    <p class='ocr_par' dir='ltr' id='par_1_1' title="bbox 740 228 1730 268">
     <span class='ocr_line' id='line_1_1' title="bbox 740 228 1730 268; baseline -0.006 -10"><span class='ocrx_word' id='word_1_1' title='bbox 740 233 791 258; x_wconf 77' lang='lat' dir='ltr'>nn</span> <span class='ocrx_word' id='word_1_2' title='bbox 811 232 1042 258; x_wconf 68' lang='lat' dir='ltr'>HAEREsrssus</span> <span class='ocrx_word' id='word_1_3' title='bbox 1062 231 1182 256; x_wconf 82' lang='lat' dir='ltr'>LIBER.</span> <span class='ocrx_word' id='word_1_4' title='bbox 1679 228 1730 268; x_wconf 76' lang='lat'>29</span> 
     </span>
    </p>
   </div>
   <div class='ocr_carea' id='block_1_2' title="bbox 192 330 1735 392">
    <p class='ocr_par' dir='ltr' id='par_1_2' title="bbox 192 330 1735 392">
     <span class='ocr_line' id='line_1_2' title="bbox 192 330 1735 392; baseline -0.006 -13"><span class='ocrx_word' id='word_1_5' title='bbox 192 337 333 380; x_wconf 89' lang='lat' dir='ltr'>rodem</span> <span class='ocrx_word' id='word_1_6' title='bbox 358 340 499 379; x_wconf 87' lang='lat' dir='ltr'>autem</span> <span class='ocrx_word' id='word_1_7' title='bbox 522 351 662 391; x_wconf 87' lang='lat' dir='ltr'>regem</span> <span class='ocrx_word' id='word_1_8' title='bbox 687 337 952 391; x_wconf 82' lang='lat' dir='ltr'>Iudaeorum,</span> <span class='ocrx_word' id='word_1_9' title='bbox 978 348 1219 392; x_wconf 87' lang='lat' dir='ltr'>percussum</span> <span class='ocrx_word' id='word_1_10' title='bbox 1245 332 1296 375; x_wconf 89' lang='lat' dir='ltr'>ab</span> <span class='ocrx_word' id='word_1_11' title='bbox 1330 330 1494 387; x_wconf 82' lang='lat' dir='ltr'>angelo,</span> <span class='ocrx_word' id='word_1_12' title='bbox 1518 332 1656 386; x_wconf 88' lang='lat' dir='ltr'>ipsum</span> <span class='ocrx_word' id='word_1_13' title='bbox 1688 334 1735 370; x_wconf 80' lang='lat' dir='ltr'>ut</span> 
     </span>
    </p>
   </div>
   <div class='ocr_carea' id='block_1_3' title="bbox 193 406 942 463">
    <p class='ocr_par' dir='ltr' id='par_1_3' title="bbox 193 406 942 463">
     <span class='ocr_line' id='line_1_3' title="bbox 193 406 942 463; baseline -0.004 -14"><span class='ocrx_word' id='word_1_14' title='bbox 193 406 429 449; x_wconf 70' lang='grc'>(3111·15111111(1</span> <span class='ocrx_word' id='word_1_15' title='bbox 449 410 664 462; x_wconf 79' lang='lat' dir='ltr'>sperantes</span> <span class='ocrx_word' id='word_1_16' title='bbox 686 410 942 463; x_wconf 62' lang='lat' dir='ltr'>expectante.</span> 
     </span>
    </p>
   </div>
   <div class='ocr_carea' id='block_1_4' title="bbox 830 533 1098 539">
    <p class='ocr_par' dir='ltr' id='par_1_4' title="bbox 830 533 1098 539">
     <span class='ocr_line' id='line_1_4' title="bbox 830 533 1098 539; baseline 0 0"><span class='ocrx_word' id='word_1_17' title='bbox 830 533 1098 539; x_wconf 95' lang='lat' dir='ltr'> </span> 
     </span>
    </p>
   </div>
   <div class='ocr_carea' id='block_1_5' title="bbox 572 664 1359 728">
    <p class='ocr_par' dir='ltr' id='par_1_5' title="bbox 572 664 1359 728">
     <span class='ocr_line' id='line_1_5' title="bbox 572 664 1359 728; baseline -0.006 0"><span class='ocrx_word' id='word_1_18' title='bbox 572 666 1036 728; x_wconf 84' lang='lat' dir='ltr'>CATALOGUS</span> <span class='ocrx_word' id='word_1_19' title='bbox 1084 664 1359 724; x_wconf 87' lang='lat' dir='ltr'>EORUM</span> 
     </span>
    </p>
   </div>
   <div class='ocr_carea' id='block_1_6' title="bbox 325 799 1609 848">
    <p class='ocr_par' dir='ltr' id='par_1_6' title="bbox 325 799 1609 848">
     <span class='ocr_line' id='line_1_6' title="bbox 325 799 1609 848; baseline -0.005 -7"><span class='ocrx_word' id='word_1_20' title='bbox 325 805 402 848; x_wconf 83' lang='lat' dir='ltr'>QUI</span> <span class='ocrx_word' id='word_1_21' title='bbox 423 805 536 841; x_wconf 84' lang='lat' dir='ltr'>POST</span> <span class='ocrx_word' id='word_1_22' title='bbox 561 805 737 841; x_wconf 86' lang='lat' dir='ltr'>CHRISTI</span> <span class='ocrx_word' id='word_1_23' title='bbox 759 803 1015 840; x_wconf 82' lang='lat' dir='ltr'>PASSIONEM</span> <span class='ocrx_word' id='word_1_24' title='bbox 1036 801 1297 838; x_wconf 84' lang='lat' dir='ltr'>HAERESEOS</span> <span class='ocrx_word' id='word_1_25' title='bbox 1321 799 1609 836; x_wconf 80' lang='lat' dir='ltr'>ARGUUNTUR.</span> 
     </span>
    </p>
   </div>
   <div class='ocr_carea' id='block_1_7' title="bbox 862 900 1063 904">
    <p class='ocr_par' dir='ltr' id='par_1_7' title="bbox 862 900 1063 904">
     <span class='ocr_line' id='line_1_7' title="bbox 862 900 1063 904; baseline 0 0"><span class='ocrx_word' id='word_1_26' title='bbox 862 900 1063 904; x_wconf 95' lang='lat' dir='ltr'> </span> 
     </span>
    </p>
   </div>
   <div class='ocr_carea' id='block_1_8' title="bbox 304 974 1951 1036">
    <p class='ocr_par' dir='ltr' id='par_1_8' title="bbox 304 974 1951 1036">
     <span class='ocr_line' id='line_1_8' title="bbox 304 974 1951 1036; baseline -0.005 -14"><span class='ocrx_word' id='word_1_27' title='bbox 304 979 406 1022; x_wconf 77' lang='lat' dir='ltr'>Post</span> <span class='ocrx_word' id='word_1_28' title='bbox 424 981 663 1036; x_wconf 82' lang='lat' dir='ltr'>passionem</span> <span class='ocrx_word' id='word_1_29' title='bbox 683 979 846 1021; x_wconf 80' lang='lat' dir='ltr'>1autem</span> <span class='ocrx_word' id='word_1_30' title='bbox 861 978 1016 1021; x_wconf 76' lang='lat' dir='ltr'>Christi</span> <span class='ocrx_word' id='word_1_31' title='bbox 1036 977 1193 1020; x_wconf 79' lang='lat' dir='ltr'>domini</span> <span class='ocrx_word' id='word_1_32' title='bbox 1212 976 1344 1018; x_wconf 79' lang='lat' dir='ltr'>nostri</span> <span class='ocrx_word' id='word_1_33' title='bbox 1365 979 1404 1016; x_wconf 92' lang='lat' dir='ltr'>et</span> <span class='ocrx_word' id='word_1_34' title='bbox 1425 974 1740 1017; x_wconf 82' lang='lat' dir='ltr'>adscensionem</span> <span class='ocrx_word' id='word_1_35' title='bbox 1763 981 1834 1014; x_wconf 78' lang='lat' dir='ltr'>Cap·</span> <span class='ocrx_word' id='word_1_36' title='bbox 1853 980 1951 1005; x_wconf 76' lang='lat' dir='ltr'>XXIX-</span> 
     </span>
    </p>
   </div>
   <div class='ocr_carea' id='block_1_9' title="bbox 192 1041 1742 1239">
    <p class='ocr_par' dir='ltr' id='par_1_9' title="bbox 192 1041 1742 1239">
     <span class='ocr_line' id='line_1_9' title="bbox 192 1041 1737 1103; baseline -0.005 -12"><span class='ocrx_word' id='word_1_37' title='bbox 192 1050 238 1090; x_wconf 91' lang='lat' dir='ltr'>in</span> <span class='ocrx_word' id='word_1_38' title='bbox 266 1049 427 1091; x_wconf 91' lang='lat' dir='ltr'>caelum</span> <span class='ocrx_word' id='word_1_39' title='bbox 447 1048 591 1091; x_wconf 86' lang='lat' dir='ltr'>Simon</span> <span class='ocrx_word' id='word_1_40' title='bbox 619 1047 788 1103; x_wconf 88' lang='lat' dir='ltr'>quidam</span> <span class='ocrx_word' id='word_1_41' title='bbox 815 1048 894 1090; x_wconf 77' lang='lat' dir='ltr'>suit</span> <span class='ocrx_word' id='word_1_42' title='bbox 912 1047 1054 1101; x_wconf 85' lang='lat' dir='ltr'>Magus</span> <span class='ocrx_word' id='word_1_43' title='bbox 1065 1053 1093 1099; x_wconf 53' lang='grc' dir='ltr'>ἃ,</span> <span class='ocrx_word' id='word_1_44' title='bbox 1121 1058 1270 1100; x_wconf 82' lang='lat' dir='ltr'>genere</span> <span class='ocrx_word' id='word_1_45' title='bbox 1292 1044 1597 1096; x_wconf 80' lang='lat' dir='ltr'>Samaritanus,</span> <span class='ocrx_word' id='word_1_46' title='bbox 1624 1041 1737 1084; x_wconf 58' lang='grc'>2(111-</span> 
     </span>
     <span class='ocr_line' id='line_1_10' title="bbox 193 1113 1739 1172; baseline -0.005 -13"><span class='ocrx_word' id='word_1_47' title='bbox 193 1118 351 1172; x_wconf 74' lang='lat' dir='ltr'>taeusb,</span> <span class='ocrx_word' id='word_1_48' title='bbox 382 1117 432 1159; x_wconf 89' lang='lat' dir='ltr'>de</span> <span class='ocrx_word' id='word_1_49' title='bbox 452 1117 540 1160; x_wconf 88' lang='lat' dir='ltr'>loco</span> <span class='ocrx_word' id='word_1_50' title='bbox 572 1131 675 1172; x_wconf 85' lang='lat' dir='ltr'>quae</span> <span class='ocrx_word' id='word_1_51' title='bbox 694 1117 795 1159; x_wconf 83' lang='lat' dir='ltr'>villa</span> <span class='ocrx_word' id='word_1_52' title='bbox 825 1120 889 1158; x_wconf 83' lang='lat' dir='ltr'>est</span> <span class='ocrx_word' id='word_1_53' title='bbox 914 1118 958 1157; x_wconf 86' lang='lat' dir='ltr'>in</span> <span class='ocrx_word' id='word_1_54' title='bbox 979 1115 1167 1157; x_wconf 84' lang='lat' dir='ltr'>Samaria</span> <span class='ocrx_word' id='word_1_55' title='bbox 1192 1116 1252 1156; x_wconf 85' lang='lat' dir='ltr'>ita</span> <span class='ocrx_word' id='word_1_56' title='bbox 1271 1117 1436 1167; x_wconf 82' lang='lat' dir='ltr'>vocata,</span> <span class='ocrx_word' id='word_1_57' title='bbox 1468 1114 1538 1167; x_wconf 86' lang='lat' dir='ltr'>qui</span> <span class='ocrx_word' id='word_1_58' title='bbox 1567 1113 1739 1165; x_wconf 87' lang='lat' dir='ltr'>magicis</span> 
     </span>
     <span class='ocr_line' id='line_1_11' title="bbox 193 1180 1742 1239; baseline -0.005 -10"><span class='ocrx_word' id='word_1_59' title='bbox 193 1200 346 1229; x_wconf 87' lang='lat' dir='ltr'>vacans</span> <span class='ocrx_word' id='word_1_60' title='bbox 374 1186 531 1229; x_wconf 87' lang='lat' dir='ltr'>artibus</span> <span class='ocrx_word' id='word_1_61' title='bbox 558 1185 711 1228; x_wconf 87' lang='lat' dir='ltr'>multos</span> <span class='ocrx_word' id='word_1_62' title='bbox 740 1185 930 1239; x_wconf 85' lang='lat' dir='ltr'>fallebat,</span> <span class='ocrx_word' id='word_1_63' title='bbox 962 1184 1105 1226; x_wconf 84' lang='lat' dir='ltr'>dicens</span> <span class='ocrx_word' id='word_1_64' title='bbox 1134 1197 1177 1226; x_wconf 91' lang='lat' dir='ltr'>se</span> <span class='ocrx_word' id='word_1_65' title='bbox 1207 1196 1298 1225; x_wconf 89' lang='lat' dir='ltr'>esse</span> <span class='ocrx_word' id='word_1_66' title='bbox 1318 1184 1514 1225; x_wconf 77' lang='lat' dir='ltr'>virtutem</span> <span class='ocrx_word' id='word_1_67' title='bbox 1535 1180 1742 1236; x_wconf 86' lang='lat' dir='ltr'>quandam</span> 
     </span>
    </p>
   </div>
   <div class='ocr_carea' id='block_1_10' title="bbox 194 1255 1124 1311">
    <p class='ocr_par' dir='ltr' id='par_1_10' title="bbox 194 1255 1124 1311">
     <span class='ocr_line' id='line_1_12' title="bbox 194 1255 1124 1311; baseline -0.003 -14"><span class='ocrx_word' id='word_1_68' title='bbox 194 1255 262 1298; x_wconf 87' lang='lat' dir='ltr'>dei</span> <span class='ocrx_word' id='word_1_69' title='bbox 290 1269 395 1310; x_wconf 89' lang='lat' dir='ltr'>quae</span> <span class='ocrx_word' id='word_1_70' title='bbox 424 1269 548 1311; x_wconf 87' lang='lat' dir='ltr'>supra</span> <span class='ocrx_word' id='word_1_71' title='bbox 575 1255 746 1298; x_wconf 86' lang='lat' dir='ltr'>3omnes</span> <span class='ocrx_word' id='word_1_72' title='bbox 773 1256 948 1296; x_wconf 84' lang='lat' dir='ltr'>virtutes</span> <span class='ocrx_word' id='word_1_73' title='bbox 976 1257 1124 1296; x_wconf 69' lang='lat' dir='ltr'>essetc.</span> 
     </span>
    </p>
   </div>
   <div class='ocr_carea' id='block_1_11' title="bbox 1182 1250 1742 1304">
    <p class='ocr_par' dir='ltr' id='par_1_11' title="bbox 1182 1250 1742 1304">
     <span class='ocr_line' id='line_1_13' title="bbox 1182 1250 1742 1304; baseline -0.007 -10"><span class='ocrx_word' id='word_1_74' title='bbox 1182 1252 1312 1303; x_wconf 87' lang='lat' dir='ltr'>Quem</span> <span class='ocrx_word' id='word_1_75' title='bbox 1340 1251 1590 1293; x_wconf 89' lang='lat' dir='ltr'>Samaritani</span> <span class='ocrx_word' id='word_1_76' title='bbox 1624 1250 1742 1304; x_wconf 85' lang='lat' dir='ltr'>quasi</span> 
     </span>
    </p>
   </div>
   <div class='ocr_carea' id='block_1_12' title="bbox 193 1362 1742 1506">
    <p class='ocr_par' dir='ltr' id='par_1_12' title="bbox 193 1362 1742 1506">
     <span class='ocr_line' id='line_1_14' title="bbox 284 1362 1740 1414; baseline -0.005 -11"><span class='ocrx_word' id='word_1_77' title='bbox 284 1368 368 1414; x_wconf 86' lang='lat' dir='ltr'>Cap.</span> <span class='ocrx_word' id='word_1_78' title='bbox 383 1368 518 1404; x_wconf 82' lang='lat' dir='ltr'>XXIX.</span> <span class='ocrx_word' id='word_1_79' title='bbox 534 1371 571 1402; x_wconf 72' lang='lat' dir='ltr'>in</span> <span class='ocrx_word' id='word_1_80' title='bbox 588 1380 616 1402; x_wconf 87' lang='lat' dir='ltr'>c.</span> <span class='ocrx_word' id='word_1_81' title='bbox 633 1371 832 1413; x_wconf 75' lang='lat' dir='ltr'>inscriptum</span> <span class='ocrx_word' id='word_1_82' title='bbox 851 1373 900 1400; x_wconf 76' lang='lat' dir='ltr'>est</span> <span class='ocrx_word' id='word_1_83' title='bbox 921 1367 1033 1401; x_wconf 69' lang='lat' dir='ltr'>Smox</span> <span class='ocrx_word' id='word_1_84' title='bbox 1051 1377 1176 1400; x_wconf 72' lang='lat' dir='ltr'>MAGvs.</span> <span class='ocrx_word' id='word_1_85' title='bbox 1194 1386 1238 1390; x_wconf 97' lang='lat'><strong>—</strong></span> <span class='ocrx_word' id='word_1_86' title='bbox 1265 1365 1293 1399; x_wconf 91' lang='lat'>1.</span> <span class='ocrx_word' id='word_1_87' title='bbox 1311 1368 1427 1398; x_wconf 88' lang='lat' dir='ltr'>autem</span> <span class='ocrx_word' id='word_1_88' title='bbox 1444 1376 1503 1397; x_wconf 86' lang='lat' dir='ltr'>om.</span> <span class='ocrx_word' id='word_1_89' title='bbox 1522 1364 1566 1396; x_wconf 83' lang='lat' dir='ltr'>A.</span> <span class='ocrx_word' id='word_1_90' title='bbox 1592 1362 1621 1396; x_wconf 72' lang='lat'>2.</span> <span class='ocrx_word' id='word_1_91' title='bbox 1641 1362 1740 1397; x_wconf 85' lang='lat' dir='ltr'>Citie-</span> 
     </span>
     <span class='ocr_line' id='line_1_15' title="bbox 193 1408 1742 1460; baseline -0.005 -11"><span class='ocrx_word' id='word_1_92' title='bbox 193 1415 248 1449; x_wconf 90' lang='lat' dir='ltr'>ius</span> <span class='ocrx_word' id='word_1_93' title='bbox 266 1414 306 1449; x_wconf 88' lang='lat' dir='ltr'>de</span> <span class='ocrx_word' id='word_1_94' title='bbox 322 1415 397 1449; x_wconf 88' lang='lat' dir='ltr'>loco</span> <span class='ocrx_word' id='word_1_95' title='bbox 416 1425 504 1460; x_wconf 88' lang='lat' dir='ltr'>quae</span> <span class='ocrx_word' id='word_1_96' title='bbox 520 1415 603 1448; x_wconf 84' lang='lat' dir='ltr'>villa</span> <span class='ocrx_word' id='word_1_97' title='bbox 619 1418 672 1448; x_wconf 88' lang='lat' dir='ltr'>est</span> <span class='ocrx_word' id='word_1_98' title='bbox 693 1415 730 1448; x_wconf 90' lang='lat' dir='ltr'>in</span> <span class='ocrx_word' id='word_1_99' title='bbox 747 1414 903 1448; x_wconf 84' lang='lat' dir='ltr'>Samaria</span> <span class='ocrx_word' id='word_1_100' title='bbox 918 1413 967 1447; x_wconf 87' lang='lat' dir='ltr'>ita</span> <span class='ocrx_word' id='word_1_101' title='bbox 982 1417 1105 1447; x_wconf 75' lang='lat' dir='ltr'>vocata</span> <span class='ocrx_word' id='word_1_102' title='bbox 1120 1412 1160 1446; x_wconf 92' lang='lat' dir='ltr'>A.</span> <span class='ocrx_word' id='word_1_103' title='bbox 1185 1411 1224 1445; x_wconf 91' lang='lat' dir='ltr'>de</span> <span class='ocrx_word' id='word_1_104' title='bbox 1241 1411 1323 1445; x_wconf 74' lang='lat' dir='ltr'>villa</span> <span class='ocrx_word' id='word_1_105' title='bbox 1340 1421 1428 1456; x_wconf 85' lang='lat' dir='ltr'>quae</span> <span class='ocrx_word' id='word_1_106' title='bbox 1445 1414 1496 1444; x_wconf 87' lang='lat' dir='ltr'>est</span> <span class='ocrx_word' id='word_1_107' title='bbox 1514 1408 1655 1444; x_wconf 88' lang='lat' dir='ltr'>Githeus</span> <span class='ocrx_word' id='word_1_108' title='bbox 1674 1408 1742 1454; x_wconf 87' lang='lat' dir='ltr'>(Ci-</span> 
     </span>
     <span class='ocr_line' id='line_1_16' title="bbox 193 1457 1315 1506; baseline -0.004 -11"><span class='ocrx_word' id='word_1_109' title='bbox 193 1460 293 1495; x_wconf 89' lang='lat' dir='ltr'>theus</span> <span class='ocrx_word' id='word_1_110' title='bbox 311 1460 416 1506; x_wconf 78' lang='lat' dir='ltr'>Bab.)</span> <span class='ocrx_word' id='word_1_111' title='bbox 431 1461 582 1495; x_wconf 85' lang='lat' dir='ltr'>vocitata</span> <span class='ocrx_word' id='word_1_112' title='bbox 601 1460 707 1494; x_wconf 71' lang='lat' dir='ltr'>Babc.</span> <span class='ocrx_word' id='word_1_113' title='bbox 732 1460 763 1494; x_wconf 86' lang='lat'>3.</span> <span class='ocrx_word' id='word_1_114' title='bbox 782 1471 901 1495; x_wconf 88' lang='lat' dir='ltr'>omnes</span> <span class='ocrx_word' id='word_1_115' title='bbox 917 1459 1030 1504; x_wconf 78' lang='lat' dir='ltr'>inquit</span> <span class='ocrx_word' id='word_1_116' title='bbox 1044 1459 1186 1493; x_wconf 85' lang='lat' dir='ltr'>virtutes</span> <span class='ocrx_word' id='word_1_117' title='bbox 1203 1461 1255 1492; x_wconf 89' lang='lat' dir='ltr'>est</span> <span class='ocrx_word' id='word_1_118' title='bbox 1273 1457 1315 1490; x_wconf 85' lang='grc' dir='ltr'>Α.</span> 
     </span>
    </p>
   </div>
   <div class='ocr_carea' id='block_1_13' title="bbox 194 1573 939 3126">
    <p class='ocr_par' dir='ltr' id='par_1_13' title="bbox 194 1573 937 2111">
     <span class='ocr_line' id='line_1_17' title="bbox 195 1573 936 1620; baseline -0.001 -11"><span class='ocrx_word' id='word_1_119' title='bbox 195 1575 280 1609; x_wconf 84' lang='lat' dir='ltr'>facit</span> <span class='ocrx_word' id='word_1_120' title='bbox 294 1575 411 1620; x_wconf 89' lang='lat' dir='ltr'>itaque</span> <span class='ocrx_word' id='word_1_121' title='bbox 434 1573 603 1608; x_wconf 84' lang='lat' dir='ltr'>Philaster</span> <span class='ocrx_word' id='word_1_122' title='bbox 625 1585 704 1608; x_wconf 88' lang='lat' dir='ltr'>cum</span> <span class='ocrx_word' id='word_1_123' title='bbox 724 1574 767 1608; x_wconf 88' lang='lat' dir='ltr'>iis</span> <span class='ocrx_word' id='word_1_124' title='bbox 791 1574 851 1619; x_wconf 90' lang='lat' dir='ltr'>qui</span> <span class='ocrx_word' id='word_1_125' title='bbox 871 1574 936 1608; x_wconf 89' lang='lat' dir='ltr'>He—</span> 
     </span>
     <span class='ocr_line' id='line_1_18' title="bbox 196 1620 936 1665; baseline -0.003 -10"><span class='ocrx_word' id='word_1_126' title='bbox 196 1621 348 1655; x_wconf 88' lang='lat' dir='ltr'>rodianis</span> <span class='ocrx_word' id='word_1_127' title='bbox 371 1620 493 1654; x_wconf 88' lang='lat' dir='ltr'>eadem</span> <span class='ocrx_word' id='word_1_128' title='bbox 509 1620 550 1653; x_wconf 89' lang='lat' dir='ltr'>de</span> <span class='ocrx_word' id='word_1_129' title='bbox 574 1620 751 1665; x_wconf 88' lang='lat' dir='ltr'>spiritibus</span> <span class='ocrx_word' id='word_1_130' title='bbox 775 1625 808 1654; x_wconf 87' lang='lat' dir='ltr'>et</span> <span class='ocrx_word' id='word_1_131' title='bbox 825 1631 936 1654; x_wconf 86' lang='lat' dir='ltr'>resur·</span> 
     </span>
     <span class='ocr_line' id='line_1_19' title="bbox 194 1665 936 1712; baseline -0.001 -12"><span class='ocrx_word' id='word_1_132' title='bbox 194 1667 346 1700; x_wconf 88' lang='lat' dir='ltr'>rectione</span> <span class='ocrx_word' id='word_1_133' title='bbox 363 1677 450 1712; x_wconf 89' lang='lat' dir='ltr'>quae</span> <span class='ocrx_word' id='word_1_134' title='bbox 463 1665 681 1700; x_wconf 85' lang='lat' dir='ltr'>Sadducaeos</span> <span class='ocrx_word' id='word_1_135' title='bbox 699 1666 847 1699; x_wconf 83' lang='lat' dir='ltr'>sensisse</span> <span class='ocrx_word' id='word_1_136' title='bbox 865 1666 936 1699; x_wconf 83' lang='lat' dir='ltr'>exi-</span> 
     </span>
     <span class='ocr_line' id='line_1_20' title="bbox 195 1710 935 1754; baseline -0.001 -8"><span class='ocrx_word' id='word_1_137' title='bbox 195 1713 354 1754; x_wconf 89' lang='lat' dir='ltr'>stimant,</span> <span class='ocrx_word' id='word_1_138' title='bbox 376 1715 416 1745; x_wconf 86' lang='lat' dir='ltr'>ut</span> <span class='ocrx_word' id='word_1_139' title='bbox 436 1711 605 1746; x_wconf 87' lang='lat' dir='ltr'>Iohannes</span> <span class='ocrx_word' id='word_1_140' title='bbox 627 1711 823 1745; x_wconf 86' lang='lat' dir='ltr'>Harduinus</span> <span class='ocrx_word' id='word_1_141' title='bbox 841 1711 880 1745; x_wconf 89' lang='lat' dir='ltr'>V.</span> <span class='ocrx_word' id='word_1_142' title='bbox 899 1710 935 1745; x_wconf 86' lang='lat' dir='ltr'>C.</span> 
     </span>
     <span class='ocr_line' id='line_1_21' title="bbox 195 1757 935 1802; baseline -0.003 -10"><span class='ocrx_word' id='word_1_143' title='bbox 195 1758 282 1792; x_wconf 85' lang='lat' dir='ltr'>libro</span> <span class='ocrx_word' id='word_1_144' title='bbox 300 1758 341 1791; x_wconf 91' lang='lat' dir='ltr'>de</span> <span class='ocrx_word' id='word_1_145' title='bbox 357 1758 508 1791; x_wconf 89' lang='lat' dir='ltr'>nummis</span> <span class='ocrx_word' id='word_1_146' title='bbox 521 1757 752 1791; x_wconf 82' lang='lat' dir='ltr'>Herodiadum</span> <span class='ocrx_word' id='word_1_147' title='bbox 769 1769 801 1802; x_wconf 91' lang='lat' dir='ltr'>p.</span> <span class='ocrx_word' id='word_1_148' title='bbox 816 1757 869 1790; x_wconf 80' lang='lat'>97.</span> <span class='ocrx_word' id='word_1_149' title='bbox 884 1768 935 1802; x_wconf 88' lang='lat' dir='ltr'>sq.</span> 
     </span>
     <span class='ocr_line' id='line_1_22' title="bbox 197 1803 935 1848; baseline -0.001 -11"><span class='ocrx_word' id='word_1_150' title='bbox 197 1804 415 1848; x_wconf 84' lang='lat' dir='ltr'>[Anonymus</span> <span class='ocrx_word' id='word_1_151' title='bbox 437 1804 574 1848; x_wconf 82' lang='lat' dir='ltr'>Anglus</span> <span class='ocrx_word' id='word_1_152' title='bbox 595 1803 632 1836; x_wconf 89' lang='lat' dir='ltr'>in</span> <span class='ocrx_word' id='word_1_153' title='bbox 653 1803 816 1837; x_wconf 85' lang='lat' dir='ltr'>Fortuitis</span> <span class='ocrx_word' id='word_1_154' title='bbox 834 1803 935 1836; x_wconf 88' lang='lat' dir='ltr'>Rote-</span> 
     </span>
     <span class='ocr_line' id='line_1_23' title="bbox 194 1848 936 1894; baseline -0.001 -11"><span class='ocrx_word' id='word_1_155' title='bbox 194 1849 267 1883; x_wconf 89' lang='lat' dir='ltr'>rod.</span> <span class='ocrx_word' id='word_1_156' title='bbox 288 1849 383 1883; x_wconf 77' lang='lat'>1727.</span> <span class='ocrx_word' id='word_1_157' title='bbox 401 1848 432 1882; x_wconf 82' lang='lat' dir='ltr'>S.</span> <span class='ocrx_word' id='word_1_158' title='bbox 450 1849 548 1882; x_wconf 84' lang='lat' dir='ltr'>editis</span> <span class='ocrx_word' id='word_1_159' title='bbox 565 1860 598 1894; x_wconf 90' lang='lat' dir='ltr'>p.</span> <span class='ocrx_word' id='word_1_160' title='bbox 614 1848 684 1891; x_wconf 84' lang='lat'>40.]</span> <span class='ocrx_word' id='word_1_161' title='bbox 711 1852 745 1882; x_wconf 92' lang='lat' dir='ltr'>et</span> <span class='ocrx_word' id='word_1_162' title='bbox 761 1853 839 1882; x_wconf 89' lang='lat' dir='ltr'>ante</span> <span class='ocrx_word' id='word_1_163' title='bbox 856 1860 936 1882; x_wconf 89' lang='lat' dir='ltr'>eum</span> 
     </span>
     <span class='ocr_line' id='line_1_24' title="bbox 195 1893 936 1940; baseline -0.001 -12"><span class='ocrx_word' id='word_1_164' title='bbox 195 1895 296 1940; x_wconf 85' lang='lat' dir='ltr'>Hugo</span> <span class='ocrx_word' id='word_1_165' title='bbox 333 1894 473 1928; x_wconf 87' lang='lat' dir='ltr'>Grotius</span> <span class='ocrx_word' id='word_1_166' title='bbox 508 1894 552 1928; x_wconf 89' lang='lat' dir='ltr'>ad</span> <span class='ocrx_word' id='word_1_167' title='bbox 577 1893 699 1928; x_wconf 85' lang='lat' dir='ltr'>Matth.</span> <span class='ocrx_word' id='word_1_168' title='bbox 723 1894 816 1928; x_wconf 83' lang='lat' dir='ltr'>XVI.</span> <span class='ocrx_word' id='word_1_169' title='bbox 840 1894 870 1927; x_wconf 83' lang='lat'>6.</span> <span class='ocrx_word' id='word_1_170' title='bbox 902 1898 936 1928; x_wconf 88' lang='lat' dir='ltr'>et</span> 
     </span>
     <span class='ocr_line' id='line_1_25' title="bbox 195 1940 936 1985; baseline -0.001 -11"><span class='ocrx_word' id='word_1_171' title='bbox 195 1940 396 1975; x_wconf 82' lang='lat' dir='ltr'>Marc.VI]].</span> <span class='ocrx_word' id='word_1_172' title='bbox 407 1940 458 1974; x_wconf 84' lang='lat'>15.</span> <span class='ocrx_word' id='word_1_173' title='bbox 482 1940 546 1974; x_wconf 91' lang='lat' dir='ltr'>Vel</span> <span class='ocrx_word' id='word_1_174' title='bbox 559 1941 618 1985; x_wconf 88' lang='lat' dir='ltr'>qui</span> <span class='ocrx_word' id='word_1_175' title='bbox 633 1940 844 1973; x_wconf 88' lang='lat' dir='ltr'>Herodianos</span> <span class='ocrx_word' id='word_1_176' title='bbox 858 1951 936 1973; x_wconf 84' lang='lat' dir='ltr'>cum</span> 
     </span>
     <span class='ocr_line' id='line_1_26' title="bbox 195 1985 936 2030; baseline -0.001 -10"><span class='ocrx_word' id='word_1_177' title='bbox 195 1985 416 2020; x_wconf 88' lang='lat' dir='ltr'>Dositheanis</span> <span class='ocrx_word' id='word_1_178' title='bbox 438 1985 669 2027; x_wconf 77' lang='lat' dir='ltr'>confundunt,</span> <span class='ocrx_word' id='word_1_179' title='bbox 692 1997 838 2030; x_wconf 85' lang='lat' dir='ltr'>quorum</span> <span class='ocrx_word' id='word_1_180' title='bbox 860 1997 936 2019; x_wconf 85' lang='lat' dir='ltr'>sen-</span> 
     </span>
     <span class='ocr_line' id='line_1_27' title="bbox 195 2031 937 2111; baseline -0.001 -46"><span class='ocrx_word' id='word_1_181' title='bbox 195 2032 342 2111; x_wconf 34' lang='lat' dir='ltr'>‘ffftssam</span> <span class='ocrx_word' id='word_1_182' title='bbox 350 2032 506 2110; x_wconf 35' lang='lat' dir='ltr'>{fimat</span> <span class='ocrx_word' id='word_1_183' title='bbox 521 2031 613 2065; x_wconf 86' lang='lat' dir='ltr'>idem</span> <span class='ocrx_word' id='word_1_184' title='bbox 624 2031 762 2065; x_wconf 88' lang='lat' dir='ltr'>Grotius</span> <span class='ocrx_word' id='word_1_185' title='bbox 780 2031 822 2065; x_wconf 90' lang='lat' dir='ltr'>ad</span> <span class='ocrx_word' id='word_1_186' title='bbox 830 2032 937 2066; x_wconf 81' lang='lat' dir='ltr'>Marci</span> 
     </span>
    </p>

    <p class='ocr_par' dir='ltr' id='par_1_14' title="bbox 196 2121 939 3126">
     <span class='ocr_line' id='line_1_28' title="bbox 242 2121 935 2168; baseline -0.001 -11"><span class='ocrx_word' id='word_1_187' title='bbox 242 2123 273 2157; x_wconf 90' lang='lat' dir='ltr'>d.</span> <span class='ocrx_word' id='word_1_188' title='bbox 297 2123 413 2168; x_wconf 88' lang='lat' dir='ltr'>ipsum</span> <span class='ocrx_word' id='word_1_189' title='bbox 428 2127 468 2157; x_wconf 87' lang='lat' dir='ltr'>ut</span> <span class='ocrx_word' id='word_1_190' title='bbox 480 2122 668 2166; x_wconf 79' lang='lat' dir='ltr'>Christum]</span> <span class='ocrx_word' id='word_1_191' title='bbox 693 2121 860 2156; x_wconf 83' lang='lat' dir='ltr'>Philaster</span> <span class='ocrx_word' id='word_1_192' title='bbox 872 2123 935 2168; x_wconf 79' lang='lat' dir='ltr'>igi-</span> 
     </span>
     <span class='ocr_line' id='line_1_29' title="bbox 197 2168 935 2214; baseline 0 -12"><span class='ocrx_word' id='word_1_193' title='bbox 197 2172 253 2202; x_wconf 87' lang='lat' dir='ltr'>tur</span> <span class='ocrx_word' id='word_1_194' title='bbox 274 2169 342 2202; x_wconf 92' lang='lat' dir='ltr'>sibi</span> <span class='ocrx_word' id='word_1_195' title='bbox 361 2170 534 2214; x_wconf 84' lang='lat' dir='ltr'>persuasit</span> <span class='ocrx_word' id='word_1_196' title='bbox 552 2169 721 2203; x_wconf 83' lang='lat' dir='ltr'>Herodem</span> <span class='ocrx_word' id='word_1_197' title='bbox 736 2168 935 2214; x_wconf 76' lang='lat' dir='ltr'>Agrippam,</span> 
     </span>
     <span class='ocr_line' id='line_1_30' title="bbox 198 2214 937 2260; baseline 0 -12"><span class='ocrx_word' id='word_1_198' title='bbox 198 2225 299 2260; x_wconf 89' lang='lat' dir='ltr'>quem</span> <span class='ocrx_word' id='word_1_199' title='bbox 318 2215 420 2248; x_wconf 89' lang='lat' dir='ltr'>deum</span> <span class='ocrx_word' id='word_1_200' title='bbox 436 2215 478 2248; x_wconf 86' lang='lat' dir='ltr'>ab</span> <span class='ocrx_word' id='word_1_201' title='bbox 492 2214 762 2248; x_wconf 83' lang='lat' dir='ltr'>assentatoribus</span> <span class='ocrx_word' id='word_1_202' title='bbox 776 2218 937 2248; x_wconf 82' lang='lat' dir='ltr'>vocatum</span> 
     </span>
     <span class='ocr_line' id='line_1_31' title="bbox 196 2259 935 2294; baseline -0.001 0"><span class='ocrx_word' id='word_1_203' title='bbox 196 2259 302 2294; x_wconf 82' lang='lat' dir='ltr'>refert</span> <span class='ocrx_word' id='word_1_204' title='bbox 328 2260 363 2294; x_wconf 90' lang='lat' dir='ltr'>S.</span> <span class='ocrx_word' id='word_1_205' title='bbox 386 2260 498 2294; x_wconf 91' lang='lat' dir='ltr'>Lucas</span> <span class='ocrx_word' id='word_1_206' title='bbox 520 2261 634 2293; x_wconf 80' lang='lat' dir='ltr'>Actor.</span> <span class='ocrx_word' id='word_1_207' title='bbox 652 2259 728 2293; x_wconf 88' lang='lat' dir='ltr'>XII.</span> <span class='ocrx_word' id='word_1_208' title='bbox 754 2259 806 2293; x_wconf 76' lang='lat'>22.</span> <span class='ocrx_word' id='word_1_209' title='bbox 830 2264 863 2293; x_wconf 91' lang='lat' dir='ltr'>et</span> <span class='ocrx_word' id='word_1_210' title='bbox 884 2260 935 2293; x_wconf 92' lang='lat' dir='ltr'>Io-</span> 
     </span>
     <span class='ocr_line' id='line_1_32' title="bbox 198 2305 935 2351; baseline 0 -12"><span class='ocrx_word' id='word_1_211' title='bbox 198 2305 324 2351; x_wconf 90' lang='lat' dir='ltr'>sephus</span> <span class='ocrx_word' id='word_1_212' title='bbox 348 2305 445 2341; x_wconf 86' lang='lat' dir='ltr'>XIX.</span> <span class='ocrx_word' id='word_1_213' title='bbox 462 2306 494 2339; x_wconf 84' lang='lat' dir='ltr'>S.</span> <span class='ocrx_word' id='word_1_214' title='bbox 510 2317 543 2351; x_wconf 88' lang='lat' dir='ltr'>p.</span> <span class='ocrx_word' id='word_1_215' title='bbox 558 2306 645 2346; x_wconf 69' lang='lat'>679„</span> <span class='ocrx_word' id='word_1_216' title='bbox 668 2306 711 2339; x_wconf 89' lang='lat' dir='ltr'>ab</span> <span class='ocrx_word' id='word_1_217' title='bbox 735 2305 935 2339; x_wconf 79' lang='lat' dir='ltr'>Herodianis</span> 
     </span>
     <span class='ocr_line' id='line_1_33' title="bbox 198 2351 936 2396; baseline 0 -11"><span class='ocrx_word' id='word_1_218' title='bbox 198 2362 260 2396; x_wconf 88' lang='lat' dir='ltr'>pro</span> <span class='ocrx_word' id='word_1_219' title='bbox 284 2351 414 2385; x_wconf 86' lang='lat' dir='ltr'>Messia</span> <span class='ocrx_word' id='word_1_220' title='bbox 435 2351 608 2392; x_wconf 80' lang='lat' dir='ltr'>habitum⁷</span> <span class='ocrx_word' id='word_1_221' title='bbox 638 2355 671 2384; x_wconf 90' lang='lat' dir='ltr'>et</span> <span class='ocrx_word' id='word_1_222' title='bbox 695 2351 832 2396; x_wconf 89' lang='lat' dir='ltr'>quidem</span> <span class='ocrx_word' id='word_1_223' title='bbox 855 2362 936 2385; x_wconf 81' lang='lat' dir='ltr'>ven-</span> 
     </span>
     <span class='ocr_line' id='line_1_34' title="bbox 197 2395 936 2442; baseline -0.001 -12"><span class='ocrx_word' id='word_1_224' title='bbox 197 2400 275 2430; x_wconf 90' lang='lat' dir='ltr'>turo</span> <span class='ocrx_word' id='word_1_225' title='bbox 285 2411 293 2439; x_wconf 82' lang='lat'>3</span> <span class='ocrx_word' id='word_1_226' title='bbox 305 2397 430 2431; x_wconf 89' lang='lat' dir='ltr'>namin</span> <span class='ocrx_word' id='word_1_227' title='bbox 441 2397 567 2442; x_wconf 88' lang='lat' dir='ltr'>ipsum,</span> <span class='ocrx_word' id='word_1_228' title='bbox 580 2397 702 2441; x_wconf 84' lang='lat' dir='ltr'>inquit,</span> <span class='ocrx_word' id='word_1_229' title='bbox 717 2400 753 2430; x_wconf 85' lang='lat' dir='ltr'>ut</span> <span class='ocrx_word' id='word_1_230' title='bbox 763 2395 936 2430; x_wconf 87' lang='lat' dir='ltr'>Christum</span> 
     </span>
     <span class='ocr_line' id='line_1_35' title="bbox 199 2441 937 2488; baseline -0.001 -12"><span class='ocrx_word' id='word_1_231' title='bbox 199 2446 377 2488; x_wconf 87' lang='lat' dir='ltr'>sperantes</span> <span class='ocrx_word' id='word_1_232' title='bbox 394 2454 437 2477; x_wconf 88' lang='lat' dir='ltr'>ex</span> <span class='ocrx_word' id='word_1_233' title='bbox 465 2447 588 2476; x_wconf 88' lang='lat' dir='ltr'>ectant.</span> <span class='ocrx_word' id='word_1_234' title='bbox 623 2443 667 2475; x_wconf 91' lang='lat' dir='ltr'>At</span> <span class='ocrx_word' id='word_1_235' title='bbox 690 2453 733 2475; x_wconf 87' lang='lat' dir='ltr'>ex</span> <span class='ocrx_word' id='word_1_236' title='bbox 755 2441 937 2487; x_wconf 86' lang='lat' dir='ltr'>Epiphanii</span> 
     </span>
     <span class='ocr_line' id='line_1_36' title="bbox 199 2487 936 2522; baseline -0.001 0"><span class='ocrx_word' id='word_1_237' title='bbox 199 2489 370 2522; x_wconf 88' lang='lat' dir='ltr'>sententia</span> <span class='ocrx_word' id='word_1_238' title='bbox 392 2492 426 2522; x_wconf 90' lang='lat' dir='ltr'>et</span> <span class='ocrx_word' id='word_1_239' title='bbox 479 2489 586 2522; x_wconf 89' lang='lat' dir='ltr'>icetae</span> <span class='ocrx_word' id='word_1_240' title='bbox 609 2489 677 2521; x_wconf 85' lang='lat' dir='ltr'>iam</span> <span class='ocrx_word' id='word_1_241' title='bbox 699 2488 817 2521; x_wconf 83' lang='lat' dir='ltr'>notavi</span> <span class='ocrx_word' id='word_1_242' title='bbox 831 2487 936 2521; x_wconf 90' lang='lat' dir='ltr'>Hero-</span> 
     </span>
     <span class='ocr_line' id='line_1_37' title="bbox 199 2532 936 2578; baseline -0.001 -11"><span class='ocrx_word' id='word_1_243' title='bbox 199 2533 277 2568; x_wconf 85' lang='lat' dir='ltr'>dem</span> <span class='ocrx_word' id='word_1_244' title='bbox 298 2534 468 2578; x_wconf 85' lang='lat' dir='ltr'>Magnmn</span> <span class='ocrx_word' id='word_1_245' title='bbox 491 2535 533 2568; x_wconf 87' lang='lat' dir='ltr'>ab</span> <span class='ocrx_word' id='word_1_246' title='bbox 556 2533 757 2567; x_wconf 85' lang='lat' dir='ltr'>Herodianis</span> <span class='ocrx_word' id='word_1_247' title='bbox 781 2532 936 2567; x_wconf 86' lang='lat' dir='ltr'>habitum</span> 
     </span>
     <span class='ocr_line' id='line_1_38' title="bbox 198 2578 935 2624; baseline -0.003 -11"><span class='ocrx_word' id='word_1_248' title='bbox 198 2590 260 2624; x_wconf 88' lang='lat' dir='ltr'>pro</span> <span class='ocrx_word' id='word_1_249' title='bbox 269 2578 403 2613; x_wconf 90' lang='lat' dir='ltr'>Christo</span> <span class='ocrx_word' id='word_1_250' title='bbox 410 2579 518 2613; x_wconf 84' lang='lat' dir='ltr'>fuisse</span> <span class='ocrx_word' id='word_1_251' title='bbox 528 2579 710 2613; x_wconf 80' lang='lat' dir='ltr'>:memoria</span> <span class='ocrx_word' id='word_1_252' title='bbox 719 2579 810 2612; x_wconf 90' lang='lat' dir='ltr'>enim</span> <span class='ocrx_word' id='word_1_253' title='bbox 817 2579 935 2623; x_wconf 86' lang='lat' dir='ltr'>lapsus</span> 
     </span>
     <span class='ocr_line' id='line_1_39' title="bbox 198 2624 935 2669; baseline 0 -11"><span class='ocrx_word' id='word_1_254' title='bbox 198 2625 251 2658; x_wconf 84' lang='lat' dir='ltr'>vir</span> <span class='ocrx_word' id='word_1_255' title='bbox 267 2636 423 2659; x_wconf 90' lang='lat' dir='ltr'>summus</span> <span class='ocrx_word' id='word_1_256' title='bbox 445 2625 547 2669; x_wconf 80' lang='lat' dir='ltr'>Hugo</span> <span class='ocrx_word' id='word_1_257' title='bbox 572 2624 713 2659; x_wconf 88' lang='lat' dir='ltr'>Grotius</span> <span class='ocrx_word' id='word_1_258' title='bbox 738 2628 791 2657; x_wconf 87' lang='lat' dir='ltr'>est</span> <span class='ocrx_word' id='word_1_259' title='bbox 813 2625 870 2669; x_wconf 93' lang='lat' dir='ltr'>qui</span> <span class='ocrx_word' id='word_1_260' title='bbox 893 2625 935 2658; x_wconf 88' lang='lat' dir='ltr'>ad</span> 
     </span>
     <span class='ocr_line' id='line_1_40' title="bbox 198 2669 936 2715; baseline -0.003 -11"><span class='ocrx_word' id='word_1_261' title='bbox 198 2669 320 2705; x_wconf 82' lang='lat' dir='ltr'>Matth.</span> <span class='ocrx_word' id='word_1_262' title='bbox 337 2670 429 2704; x_wconf 78' lang='lat' dir='ltr'>XVI.</span> <span class='ocrx_word' id='word_1_263' title='bbox 447 2670 478 2704; x_wconf 91' lang='grc'>6.</span> <span class='ocrx_word' id='word_1_264' title='bbox 502 2669 733 2715; x_wconf 80' lang='lat' dir='ltr'>Epiphaniam</span> <span class='ocrx_word' id='word_1_265' title='bbox 749 2669 798 2702; x_wconf 80' lang='lat' dir='ltr'>ait</span> <span class='ocrx_word' id='word_1_266' title='bbox 813 2670 854 2702; x_wconf 91' lang='lat' dir='ltr'>ad</span> <span class='ocrx_word' id='word_1_267' title='bbox 870 2670 936 2703; x_wconf 87' lang='lat' dir='ltr'>He-</span> 
     </span>
     <span class='ocr_line' id='line_1_41' title="bbox 198 2715 937 2761; baseline 0 -12"><span class='ocrx_word' id='word_1_268' title='bbox 198 2715 318 2749; x_wconf 88' lang='lat' dir='ltr'>rodem</span> <span class='ocrx_word' id='word_1_269' title='bbox 333 2715 510 2761; x_wconf 84' lang='lat' dir='ltr'>Baptistae</span> <span class='ocrx_word' id='word_1_270' title='bbox 525 2716 779 2749; x_wconf 82' lang='lat' dir='ltr'>interfectorem</span> <span class='ocrx_word' id='word_1_271' title='bbox 789 2716 937 2749; x_wconf 83' lang='lat' dir='ltr'>traxisse</span> 
     </span>
     <span class='ocr_line' id='line_1_42' title="bbox 199 2761 938 2806; baseline 0 -12"><span class='ocrx_word' id='word_1_272' title='bbox 199 2761 234 2794; x_wconf 90' lang='lat' dir='ltr'>id</span> <span class='ocrx_word' id='word_1_273' title='bbox 246 2761 338 2806; x_wconf 88' lang='lat' dir='ltr'>quod</span> <span class='ocrx_word' id='word_1_274' title='bbox 351 2761 394 2794; x_wconf 86' lang='lat' dir='ltr'>ad</span> <span class='ocrx_word' id='word_1_275' title='bbox 405 2762 463 2796; x_wconf 88' lang='lat' dir='ltr'>Ma</span> <span class='ocrx_word' id='word_1_276' title='bbox 514 2773 572 2795; x_wconf 90' lang='lat' dir='ltr'>um</span> <span class='ocrx_word' id='word_1_277' title='bbox 584 2761 787 2806; x_wconf 83' lang='lat' dir='ltr'>pertinebat.</span> <span class='ocrx_word' id='word_1_278' title='bbox 812 2761 938 2795; x_wconf 90' lang='lat' dir='ltr'>Auctor</span> 
     </span>
     <span class='ocr_line' id='line_1_43' title="bbox 200 2805 937 2852; baseline 0 -12"><span class='ocrx_word' id='word_1_279' title='bbox 200 2817 337 2852; x_wconf 89' lang='lat' dir='ltr'>quoque</span> <span class='ocrx_word' id='word_1_280' title='bbox 353 2817 464 2852; x_wconf 87' lang='lat' dir='ltr'>appen</span> <span class='ocrx_word' id='word_1_281' title='bbox 491 2807 551 2840; x_wconf 82' lang='lat' dir='ltr'>&#39;cis</span> <span class='ocrx_word' id='word_1_282' title='bbox 569 2807 611 2840; x_wconf 87' lang='lat' dir='ltr'>ad</span> <span class='ocrx_word' id='word_1_283' title='bbox 625 2806 764 2840; x_wconf 88' lang='lat' dir='ltr'>Tertull.</span> <span class='ocrx_word' id='word_1_284' title='bbox 783 2805 823 2839; x_wconf 87' lang='lat' dir='ltr'>de</span> <span class='ocrx_word' id='word_1_285' title='bbox 838 2805 937 2840; x_wconf 89' lang='lat' dir='ltr'>Prae-</span> 
     </span>
     <span class='ocr_line' id='line_1_44' title="bbox 200 2851 936 2897; baseline 0 -12"><span class='ocrx_word' id='word_1_286' title='bbox 200 2852 318 2897; x_wconf 88' lang='lat' dir='ltr'>script.</span> <span class='ocrx_word' id='word_1_287' title='bbox 343 2851 378 2886; x_wconf 87' lang='lat' dir='ltr'>S.</span> <span class='ocrx_word' id='word_1_288' title='bbox 401 2853 631 2897; x_wconf 83' lang='lat' dir='ltr'>Hieronymus</span> <span class='ocrx_word' id='word_1_289' title='bbox 663 2855 782 2884; x_wconf 85' lang='lat' dir='ltr'>contra</span> <span class='ocrx_word' id='word_1_290' title='bbox 804 2851 936 2886; x_wconf 85' lang='lat' dir='ltr'>Lucife-</span> 
     </span>
     <span class='ocr_line' id='line_1_45' title="bbox 200 2896 937 2939; baseline 0 -8"><span class='ocrx_word' id='word_1_291' title='bbox 200 2897 326 2939; x_wconf 73' lang='lat' dir='ltr'>rianos,</span> <span class='ocrx_word' id='word_1_292' title='bbox 341 2897 576 2932; x_wconf 86' lang='lat' dir='ltr'>Damascenus</span> <span class='ocrx_word' id='word_1_293' title='bbox 591 2897 631 2930; x_wconf 90' lang='lat' dir='ltr'>de</span> <span class='ocrx_word' id='word_1_294' title='bbox 644 2897 780 2930; x_wconf 79' lang='lat' dir='ltr'>naeres.</span> <span class='ocrx_word' id='word_1_295' title='bbox 795 2896 937 2931; x_wconf 90' lang='lat' dir='ltr'>etPseu-</span> 
     </span>
     <span class='ocr_line' id='line_1_46' title="bbox 201 2942 939 2988; baseline 0 -12"><span class='ocrx_word' id='word_1_296' title='bbox 201 2942 461 2988; x_wconf 81' lang='lat' dir='ltr'>do-Hieronymi</span> <span class='ocrx_word' id='word_1_297' title='bbox 481 2943 653 2977; x_wconf 88' lang='lat' dir='ltr'>Indiculus</span> <span class='ocrx_word' id='word_1_298' title='bbox 677 2953 756 2975; x_wconf 88' lang='lat' dir='ltr'>cum</span> <span class='ocrx_word' id='word_1_299' title='bbox 771 2942 939 2977; x_wconf 87' lang='lat' dir='ltr'>Herodem</span> 
     </span>
     <span class='ocr_line' id='line_1_47' title="bbox 201 2988 939 3033; baseline 0.001 -12"><span class='ocrx_word' id='word_1_300' title='bbox 201 2988 401 3033; x_wconf 87' lang='lat' dir='ltr'>simpliciter</span> <span class='ocrx_word' id='word_1_301' title='bbox 426 2989 624 3029; x_wconf 84' lang='lat' dir='ltr'>nominant,</span> <span class='ocrx_word' id='word_1_302' title='bbox 647 2988 815 3031; x_wconf 79' lang='lat' dir='ltr'>Magnum</span> <span class='ocrx_word' id='word_1_303' title='bbox 841 2988 939 3022; x_wconf 92' lang='lat' dir='ltr'>intel-</span> 
     </span>
     <span class='ocr_line' id='line_1_48' title="bbox 201 3032 938 3075; baseline 0.003 -9"><span class='ocrx_word' id='word_1_304' title='bbox 201 3032 331 3068; x_wconf 81' lang='lat' dir='ltr'>lexisse</span> <span class='ocrx_word' id='word_1_305' title='bbox 338 3034 506 3068; x_wconf 83' lang='lat' dir='ltr'>videntur.</span> <span class='ocrx_word' id='word_1_306' title='bbox 523 3035 575 3067; x_wconf 91' lang='lat' dir='ltr'>De</span> <span class='ocrx_word' id='word_1_307' title='bbox 583 3035 712 3075; x_wconf 65' lang='lat' dir='ltr'>Magno</span> <span class='ocrx_word' id='word_1_308' title='bbox 722 3033 824 3066; x_wconf 87' lang='lat' dir='ltr'>etiam</span> <span class='ocrx_word' id='word_1_309' title='bbox 834 3033 938 3068; x_wconf 88' lang='lat' dir='ltr'>Scho-</span> 
     </span>
     <span class='ocr_line' id='line_1_49' title="bbox 201 3076 937 3126; baseline 0 -13"><span class='ocrx_word' id='word_1_310' title='bbox 201 3077 320 3114; x_wconf 88' lang='lat' dir='ltr'>liastes</span> <span class='ocrx_word' id='word_1_311' title='bbox 336 3079 445 3115; x_wconf 85' lang='lat' dir='ltr'>Persii</span> <span class='ocrx_word' id='word_1_312' title='bbox 466 3080 594 3126; x_wconf 86' lang='lat' dir='ltr'>accipit</span> <span class='ocrx_word' id='word_1_313' title='bbox 614 3076 700 3115; x_wconf 76' lang='lat' dir='ltr'>illud</span> <span class='ocrx_word' id='word_1_314' title='bbox 716 3078 787 3114; x_wconf 85' lang='lat' dir='ltr'>Sat.</span> <span class='ocrx_word' id='word_1_315' title='bbox 805 3079 861 3122; x_wconf 86' lang='lat' dir='ltr'>V.‚</span> <span class='ocrx_word' id='word_1_316' title='bbox 883 3079 937 3114; x_wconf 74' lang='lat'>80.</span> 
     </span>
    </p>
   </div>
   <div class='ocr_carea' id='block_1_14' title="bbox 1003 1570 1747 3124">
    <p class='ocr_par' dir='ltr' id='par_1_15' title="bbox 1003 1570 1744 1935">
     <span class='ocr_line' id='line_1_50' title="bbox 1009 1570 1742 1616; baseline -0.005 -9"><span class='ocrx_word' id='word_1_317' title='bbox 1009 1580 1069 1616; x_wconf 76' lang='lat' dir='ltr'>„at</span> <span class='ocrx_word' id='word_1_318' title='bbox 1089 1585 1161 1606; x_wconf 79' lang='lat' dir='ltr'>cum</span> <span class='ocrx_word' id='word_1_319' title='bbox 1184 1572 1334 1605; x_wconf 78' lang='lat' dir='ltr'>Herodis</span> <span class='ocrx_word' id='word_1_320' title='bbox 1354 1583 1474 1604; x_wconf 68' lang='lat' dir='ltr'>venere</span> <span class='ocrx_word' id='word_1_321' title='bbox 1499 1570 1607 1611; x_wconf 77' lang='lat' dir='ltr'>dz&#39;es”‚</span> <span class='ocrx_word' id='word_1_322' title='bbox 1631 1579 1742 1615; x_wconf 86' lang='lat' dir='ltr'>neque</span> 
     </span>
     <span class='ocr_line' id='line_1_51' title="bbox 1004 1617 1743 1662; baseline -0.005 -10"><span class='ocrx_word' id='word_1_323' title='bbox 1004 1620 1131 1652; x_wconf 87' lang='lat' dir='ltr'>mirum</span> <span class='ocrx_word' id='word_1_324' title='bbox 1148 1621 1199 1652; x_wconf 87' lang='lat' dir='ltr'>est</span> <span class='ocrx_word' id='word_1_325' title='bbox 1221 1618 1311 1651; x_wconf 87' lang='lat' dir='ltr'>diem</span> <span class='ocrx_word' id='word_1_326' title='bbox 1330 1617 1447 1650; x_wconf 84' lang='lat' dir='ltr'>traditi</span> <span class='ocrx_word' id='word_1_327' title='bbox 1462 1627 1522 1662; x_wconf 90' lang='lat' dir='ltr'>per</span> <span class='ocrx_word' id='word_1_328' title='bbox 1542 1617 1743 1661; x_wconf 85' lang='lat' dir='ltr'>Augustum</span> 
     </span>
     <span class='ocr_line' id='line_1_52' title="bbox 1003 1662 1743 1709; baseline -0.007 -10"><span class='ocrx_word' id='word_1_329' title='bbox 1003 1665 1129 1700; x_wconf 89' lang='lat' dir='ltr'>Herodi</span> <span class='ocrx_word' id='word_1_330' title='bbox 1136 1665 1265 1709; x_wconf 82' lang='lat' dir='ltr'>Magno</span> <span class='ocrx_word' id='word_1_331' title='bbox 1278 1663 1379 1708; x_wconf 83' lang='lat' dir='ltr'>regui</span> <span class='ocrx_word' id='word_1_332' title='bbox 1390 1663 1493 1697; x_wconf 90' lang='lat' dir='ltr'>etiam</span> <span class='ocrx_word' id='word_1_333' title='bbox 1506 1662 1595 1708; x_wconf 82' lang='lat' dir='ltr'>apud</span> <span class='ocrx_word' id='word_1_334' title='bbox 1608 1672 1743 1695; x_wconf 84' lang='lat' dir='ltr'>succes-</span> 
     </span>
     <span class='ocr_line' id='line_1_53' title="bbox 1006 1708 1744 1754; baseline -0.005 -10"><span class='ocrx_word' id='word_1_335' title='bbox 1006 1721 1101 1744; x_wconf 88' lang='lat' dir='ltr'>sores</span> <span class='ocrx_word' id='word_1_336' title='bbox 1140 1714 1173 1744; x_wconf 89' lang='lat' dir='ltr'>et</span> <span class='ocrx_word' id='word_1_337' title='bbox 1210 1714 1367 1754; x_wconf 88' lang='lat' dir='ltr'>posteros</span> <span class='ocrx_word' id='word_1_338' title='bbox 1400 1708 1583 1753; x_wconf 88' lang='lat' dir='ltr'>quotannis</span> <span class='ocrx_word' id='word_1_339' title='bbox 1615 1708 1744 1741; x_wconf 83' lang='lat' dir='ltr'>festum</span> 
     </span>
     <span class='ocr_line' id='line_1_54' title="bbox 1003 1753 1743 1790; baseline -0.005 0"><span class='ocrx_word' id='word_1_340' title='bbox 1003 1756 1122 1790; x_wconf 86' lang='lat' dir='ltr'>fuisse.</span> <span class='ocrx_word' id='word_1_341' title='bbox 1148 1755 1266 1789; x_wconf 83' lang='lat' dir='ltr'>Obiter</span> <span class='ocrx_word' id='word_1_342' title='bbox 1281 1761 1400 1789; x_wconf 85' lang='lat' dir='ltr'>notare</span> <span class='ocrx_word' id='word_1_343' title='bbox 1416 1755 1516 1788; x_wconf 87' lang='lat' dir='ltr'>liceat</span> <span class='ocrx_word' id='word_1_344' title='bbox 1531 1753 1743 1788; x_wconf 87' lang='lat' dir='ltr'>Herodianos</span> 
     </span>
     <span class='ocr_line' id='line_1_55' title="bbox 1005 1798 1743 1846; baseline -0.005 -11"><span class='ocrx_word' id='word_1_345' title='bbox 1005 1813 1025 1835; x_wconf 90' lang='grc'><strong>3</strong></span> <span class='ocrx_word' id='word_1_346' title='bbox 1047 1800 1303 1846; x_wconf 75' lang='lat' dir='ltr'>Theophylacto</span> <span class='ocrx_word' id='word_1_347' title='bbox 1327 1800 1481 1845; x_wconf 88' lang='lat' dir='ltr'>Epistola</span> <span class='ocrx_word' id='word_1_348' title='bbox 1500 1798 1550 1833; x_wconf 82' lang='lat'>13.</span> <span class='ocrx_word' id='word_1_349' title='bbox 1578 1799 1663 1844; x_wconf 80' lang='lat' dir='ltr'>poni</span> <span class='ocrx_word' id='word_1_350' title='bbox 1681 1810 1743 1843; x_wconf 92' lang='lat' dir='ltr'>pro</span> 
     </span>
     <span class='ocr_line' id='line_1_56' title="bbox 1003 1845 1744 1892; baseline -0.005 -11"><span class='ocrx_word' id='word_1_351' title='bbox 1003 1848 1046 1881; x_wconf 87' lang='lat' dir='ltr'>iis</span> <span class='ocrx_word' id='word_1_352' title='bbox 1063 1848 1123 1892; x_wconf 88' lang='lat' dir='ltr'>qui</span> <span class='ocrx_word' id='word_1_353' title='bbox 1141 1846 1284 1881; x_wconf 89' lang='lat' dir='ltr'>Herodis</span> <span class='ocrx_word' id='word_1_354' title='bbox 1307 1846 1542 1880; x_wconf 75' lang='lat' dir='ltr'>crudelitatem</span> <span class='ocrx_word' id='word_1_355' title='bbox 1557 1845 1744 1879; x_wconf 87' lang='lat' dir='ltr'>imitantur.</span> 
     </span>
     <span class='ocr_line' id='line_1_57' title="bbox 1005 1893 1145 1935; baseline -0.007 -8"><span class='ocrx_word' id='word_1_356' title='bbox 1005 1896 1023 1934; x_wconf 94' lang='lat'><em>(</em></span> <span class='ocrx_word' id='word_1_357' title='bbox 1023 1893 1056 1926; x_wconf 89' lang='lat' dir='ltr'><em>F</em></span> <span class='ocrx_word' id='word_1_358' title='bbox 1055 1896 1127 1927; x_wconf 78' lang='lat' dir='ltr'>abr.</span> <span class='ocrx_word' id='word_1_359' title='bbox 1128 1897 1145 1935; x_wconf 95' lang='lat'><em>)</em></span> 
     </span>
    </p>

    <p class='ocr_par' dir='ltr' id='par_1_16' title="bbox 1004 1936 1746 2117">
     <span class='ocr_line' id='line_1_58' title="bbox 1057 1936 1744 1982; baseline -0.006 -10"><span class='ocrx_word' id='word_1_360' title='bbox 1057 1950 1086 1972; x_wconf 89' lang='lat' dir='ltr'>e.</span> <span class='ocrx_word' id='word_1_361' title='bbox 1116 1950 1159 1972; x_wconf 77' lang='lat' dir='ltr'>ex</span> <span class='ocrx_word' id='word_1_362' title='bbox 1187 1940 1316 1982; x_wconf 86' lang='lat' dir='ltr'>ectant]</span> <span class='ocrx_word' id='word_1_363' title='bbox 1342 1937 1426 1972; x_wconf 89' lang='lat' dir='ltr'>Tho.</span> <span class='ocrx_word' id='word_1_364' title='bbox 1439 1936 1622 1972; x_wconf 81' lang='lat' dir='ltr'>Malvenda</span> <span class='ocrx_word' id='word_1_365' title='bbox 1640 1936 1699 1969; x_wconf 88' lang='lat' dir='ltr'>lib.</span> <span class='ocrx_word' id='word_1_366' title='bbox 1716 1936 1744 1968; x_wconf 95' lang='lat' dir='ltr'>l.</span> 
     </span>
     <span class='ocr_line' id='line_1_59' title="bbox 1007 1981 1746 2028; baseline -0.005 -10"><span class='ocrx_word' id='word_1_367' title='bbox 1007 1985 1154 2018; x_wconf 83' lang='lat' dir='ltr'>deAntic</span> <span class='ocrx_word' id='word_1_368' title='bbox 1198 1985 1264 2019; x_wconf 79' lang='lat' dir='ltr'>isto</span> <span class='ocrx_word' id='word_1_369' title='bbox 1282 1984 1471 2028; x_wconf 82' lang='lat' dir='ltr'>c.11.legit</span> <span class='ocrx_word' id='word_1_370' title='bbox 1488 1988 1650 2028; x_wconf 74' lang='lat' dir='ltr'>expetunt.</span> <span class='ocrx_word' id='word_1_371' title='bbox 1677 1981 1746 2015; x_wconf 87' lang='lat' dir='ltr'>Sed</span> 
     </span>
     <span class='ocr_line' id='line_1_60' title="bbox 1004 2028 1746 2075; baseline -0.004 -11"><span class='ocrx_word' id='word_1_372' title='bbox 1004 2029 1092 2064; x_wconf 85' lang='lat' dir='ltr'>nihil</span> <span class='ocrx_word' id='word_1_373' title='bbox 1116 2041 1260 2064; x_wconf 86' lang='lat' dir='ltr'>necesse</span> <span class='ocrx_word' id='word_1_374' title='bbox 1287 2035 1340 2064; x_wconf 87' lang='lat' dir='ltr'>est</span> <span class='ocrx_word' id='word_1_375' title='bbox 1366 2030 1542 2075; x_wconf 79' lang='lat' dir='ltr'>vulgatam</span> <span class='ocrx_word' id='word_1_376' title='bbox 1563 2028 1746 2063; x_wconf 88' lang='lat' dir='ltr'>lectionem</span> 
     </span>
     <span class='ocr_line' id='line_1_61' title="bbox 1006 2076 1274 2117; baseline -0.007 -7"><span class='ocrx_word' id='word_1_377' title='bbox 1006 2080 1150 2110; x_wconf 86' lang='lat' dir='ltr'>mutare.</span> <span class='ocrx_word' id='word_1_378' title='bbox 1198 2076 1274 2117; x_wconf 87' lang='lat' dir='ltr'>(F.)</span> 
     </span>
    </p>

    <p class='ocr_par' dir='ltr' id='par_1_17' title="bbox 1004 2118 1746 2350">
     <span class='ocr_line' id='line_1_62' title="bbox 1051 2118 1744 2167; baseline -0.006 -11"><span class='ocrx_word' id='word_1_379' title='bbox 1051 2122 1132 2167; x_wconf 90' lang='lat' dir='ltr'>Cap.</span> <span class='ocrx_word' id='word_1_380' title='bbox 1145 2122 1279 2156; x_wconf 86' lang='lat' dir='ltr'>XXIX.</span> <span class='ocrx_word' id='word_1_381' title='bbox 1292 2141 1337 2147; x_wconf 90' lang='lat'>-</span> <span class='ocrx_word' id='word_1_382' title='bbox 1349 2132 1378 2155; x_wconf 89' lang='lat' dir='ltr'>a.</span> <span class='ocrx_word' id='word_1_383' title='bbox 1391 2121 1532 2163; x_wconf 59' lang='lat' dir='ltr'>Manus]</span> <span class='ocrx_word' id='word_1_384' title='bbox 1545 2120 1649 2154; x_wconf 91' lang='lat' dir='ltr'>Actor</span> <span class='ocrx_word' id='word_1_385' title='bbox 1657 2118 1744 2152; x_wconf 68' lang='lat' dir='ltr'>vm.</span> 
     </span>
     <span class='ocr_line' id='line_1_63' title="bbox 1008 2150 1745 2211; baseline -0.004 -10"><span class='ocrx_word' id='word_1_386' title='bbox 1008 2168 1059 2202; x_wconf 92' lang='grc'>11.</span> <span class='ocrx_word' id='word_1_387' title='bbox 1086 2167 1171 2211; x_wconf 85' lang='lat' dir='ltr'>[Ioh.</span> <span class='ocrx_word' id='word_1_388' title='bbox 1189 2167 1348 2201; x_wconf 82' lang='lat' dir='ltr'>Laurent.</span> <span class='ocrx_word' id='word_1_389' title='bbox 1381 2150 1514 2201; x_wconf 53' lang='lat' dir='ltr'>Mosrhe&#39;</span> <span class='ocrx_word' id='word_1_390' title='bbox 1557 2166 1577 2173; x_wconf 84' lang='grc'>’“</span> <span class='ocrx_word' id='word_1_391' title='bbox 1600 2165 1681 2199; x_wconf 88' lang='lat' dir='ltr'>diss.</span> <span class='ocrx_word' id='word_1_392' title='bbox 1705 2165 1745 2198; x_wconf 90' lang='lat' dir='ltr'>de</span> 
     </span>
     <span class='ocr_line' id='line_1_64' title="bbox 1005 2210 1745 2258; baseline -0.005 -11"><span class='ocrx_word' id='word_1_393' title='bbox 1005 2225 1073 2247; x_wconf 87' lang='grc'><strong>11110</strong></span> <span class='ocrx_word' id='word_1_394' title='bbox 1099 2213 1240 2247; x_wconf 88' lang='lat' dir='ltr'>Simone</span> <span class='ocrx_word' id='word_1_395' title='bbox 1256 2214 1361 2258; x_wconf 85' lang='lat' dir='ltr'>Mago</span> <span class='ocrx_word' id='word_1_396' title='bbox 1379 2213 1522 2246; x_wconf 86' lang='lat' dir='ltr'>Helmst.</span> <span class='ocrx_word' id='word_1_397' title='bbox 1543 2211 1638 2245; x_wconf 79' lang='lat'>1734.</span> <span class='ocrx_word' id='word_1_398' title='bbox 1677 2210 1745 2244; x_wconf 90' lang='lat' dir='ltr'>Au-</span> 
     </span>
     <span class='ocr_line' id='line_1_65' title="bbox 1005 2257 1746 2303; baseline -0.005 -10"><span class='ocrx_word' id='word_1_399' title='bbox 1005 2263 1096 2303; x_wconf 79' lang='lat' dir='ltr'>gust.</span> <span class='ocrx_word' id='word_1_400' title='bbox 1107 2259 1240 2293; x_wconf 86' lang='lat' dir='ltr'>Calmet</span> <span class='ocrx_word' id='word_1_401' title='bbox 1248 2259 1329 2292; x_wconf 89' lang='lat' dir='ltr'>diss.</span> <span class='ocrx_word' id='word_1_402' title='bbox 1345 2258 1386 2292; x_wconf 90' lang='lat' dir='ltr'>de</span> <span class='ocrx_word' id='word_1_403' title='bbox 1395 2258 1537 2292; x_wconf 89' lang='lat' dir='ltr'>Simone</span> <span class='ocrx_word' id='word_1_404' title='bbox 1549 2257 1654 2302; x_wconf 85' lang='lat' dir='ltr'>Mago</span> <span class='ocrx_word' id='word_1_405' title='bbox 1663 2261 1746 2290; x_wconf 90' lang='lat' dir='ltr'>tom.</span> 
     </span>
     <span class='ocr_line' id='line_1_66' title="bbox 1004 2304 1448 2350; baseline -0.005 -11"><span class='ocrx_word' id='word_1_406' title='bbox 1004 2305 1076 2340; x_wconf 85' lang='lat' dir='ltr'>VH.</span> <span class='ocrx_word' id='word_1_407' title='bbox 1094 2304 1213 2350; x_wconf 53' lang='lat'>9815.</span> <span class='ocrx_word' id='word_1_408' title='bbox 1231 2306 1317 2350; x_wconf 88' lang='lat' dir='ltr'>seq.]</span> <span class='ocrx_word' id='word_1_409' title='bbox 1374 2304 1448 2346; x_wconf 90' lang='lat' dir='ltr'>(F.)</span> 
     </span>
    </p>

    <p class='ocr_par' dir='ltr' id='par_1_18' title="bbox 1005 2347 1747 2760">
     <span class='ocr_line' id='line_1_67' title="bbox 1049 2347 1745 2394; baseline -0.007 -10"><span class='ocrx_word' id='word_1_410' title='bbox 1049 2351 1082 2384; x_wconf 91' lang='lat' dir='ltr'>b.</span> <span class='ocrx_word' id='word_1_411' title='bbox 1109 2349 1302 2394; x_wconf 86' lang='lat' dir='ltr'>Gitthaeus]</span> <span class='ocrx_word' id='word_1_412' title='bbox 1320 2350 1372 2384; x_wconf 86' lang='lat' dir='ltr'>Ita</span> <span class='ocrx_word' id='word_1_413' title='bbox 1384 2349 1571 2394; x_wconf 85' lang='lat' dir='ltr'>legendum</span> <span class='ocrx_word' id='word_1_414' title='bbox 1583 2359 1604 2382; x_wconf 90' lang='grc'><strong>3</strong></span> <span class='ocrx_word' id='word_1_415' title='bbox 1619 2347 1745 2382; x_wconf 88' lang='lat' dir='ltr'>Gitthis</span> 
     </span>
     <span class='ocr_line' id='line_1_68' title="bbox 1006 2393 1747 2441; baseline -0.008 -10"><span class='ocrx_word' id='word_1_416' title='bbox 1006 2396 1181 2431; x_wconf 87' lang='lat' dir='ltr'>Samariae</span> <span class='ocrx_word' id='word_1_417' title='bbox 1193 2407 1255 2441; x_wconf 91' lang='lat' dir='ltr'>pro</span> <span class='ocrx_word' id='word_1_418' title='bbox 1271 2396 1420 2435; x_wconf 75' lang='lat' dir='ltr'>Uz&#39;theus;</span> <span class='ocrx_word' id='word_1_419' title='bbox 1436 2394 1519 2438; x_wconf 55' lang='grc' dir='ltr'>»ἀπὸ</span> <span class='ocrx_word' id='word_1_420' title='bbox 1534 2394 1676 2427; x_wconf 80' lang='grc' dir='ltr'>Γιτθῶν”</span> <span class='ocrx_word' id='word_1_421' title='bbox 1692 2393 1747 2426; x_wconf 83' lang='lat' dir='ltr'>vel</span> 
     </span>
     <span class='ocr_line' id='line_1_69' title="bbox 1008 2440 1746 2486; baseline -0.005 -11"><span class='ocrx_word' id='word_1_422' title='bbox 1008 2441 1186 2484; x_wconf 52' lang='lat' dir='ltr'>„re-„om”</span> <span class='ocrx_word' id='word_1_423' title='bbox 1203 2441 1328 2475; x_wconf 87' lang='lat' dir='ltr'>Confer</span> <span class='ocrx_word' id='word_1_424' title='bbox 1341 2442 1371 2474; x_wconf 90' lang='lat' dir='ltr'>si</span> <span class='ocrx_word' id='word_1_425' title='bbox 1386 2441 1499 2486; x_wconf 89' lang='lat' dir='ltr'>placet</span> <span class='ocrx_word' id='word_1_426' title='bbox 1512 2440 1671 2474; x_wconf 82' lang='lat' dir='ltr'>Cotelerii</span> <span class='ocrx_word' id='word_1_427' title='bbox 1686 2450 1746 2472; x_wconf 88' lang='lat' dir='ltr'>no—</span> 
     </span>
     <span class='ocr_line' id='line_1_70' title="bbox 1005 2484 1744 2532; baseline -0.005 -11"><span class='ocrx_word' id='word_1_428' title='bbox 1005 2493 1058 2521; x_wconf 86' lang='lat' dir='ltr'>tas</span> <span class='ocrx_word' id='word_1_429' title='bbox 1077 2488 1118 2521; x_wconf 90' lang='lat' dir='ltr'>ad</span> <span class='ocrx_word' id='word_1_430' title='bbox 1136 2487 1320 2521; x_wconf 78' lang='lat' dir='ltr'>Constitut.</span> <span class='ocrx_word' id='word_1_431' title='bbox 1336 2487 1491 2532; x_wconf 81' lang='lat' dir='ltr'>Apostol.</span> <span class='ocrx_word' id='word_1_432' title='bbox 1509 2485 1565 2520; x_wconf 77' lang='lat' dir='ltr'>VI.</span> <span class='ocrx_word' id='word_1_433' title='bbox 1580 2486 1610 2519; x_wconf 83' lang='lat'>7.</span> <span class='ocrx_word' id='word_1_434' title='bbox 1623 2497 1655 2530; x_wconf 91' lang='lat' dir='ltr'>p.</span> <span class='ocrx_word' id='word_1_435' title='bbox 1670 2484 1744 2517; x_wconf 77' lang='lat'>334.</span> 
     </span>
     <span class='ocr_line' id='line_1_71' title="bbox 1005 2529 1745 2577; baseline -0.007 -10"><span class='ocrx_word' id='word_1_436' title='bbox 1005 2534 1104 2567; x_wconf 82' lang='lat' dir='ltr'>etlib.</span> <span class='ocrx_word' id='word_1_437' title='bbox 1118 2534 1145 2567; x_wconf 92' lang='grc'>1.</span> <span class='ocrx_word' id='word_1_438' title='bbox 1160 2533 1450 2577; x_wconf 82' lang='lat' dir='ltr'>Recognitionum</span> <span class='ocrx_word' id='word_1_439' title='bbox 1460 2531 1644 2565; x_wconf 87' lang='lat' dir='ltr'>Clementis</span> <span class='ocrx_word' id='word_1_440' title='bbox 1655 2542 1681 2563; x_wconf 87' lang='lat' dir='ltr'>c.</span> <span class='ocrx_word' id='word_1_441' title='bbox 1696 2529 1745 2562; x_wconf 72' lang='grc'>12.</span> 
     </span>
     <span class='ocr_line' id='line_1_72' title="bbox 1005 2574 1745 2624; baseline -0.008 -11"><span class='ocrx_word' id='word_1_442' title='bbox 1005 2590 1038 2624; x_wconf 90' lang='lat' dir='ltr'>p.</span> <span class='ocrx_word' id='word_1_443' title='bbox 1047 2579 1123 2613; x_wconf 79' lang='lat'>489.</span> <span class='ocrx_word' id='word_1_444' title='bbox 1146 2578 1290 2612; x_wconf 81' lang='lat' dir='ltr'>Fallitur</span> <span class='ocrx_word' id='word_1_445' title='bbox 1302 2578 1394 2612; x_wconf 88' lang='lat' dir='ltr'>enim</span> <span class='ocrx_word' id='word_1_446' title='bbox 1406 2578 1457 2611; x_wconf 88' lang='lat' dir='ltr'>vir</span> <span class='ocrx_word' id='word_1_447' title='bbox 1469 2577 1590 2611; x_wconf 88' lang='lat' dir='ltr'>doctus</span> <span class='ocrx_word' id='word_1_448' title='bbox 1604 2574 1745 2619; x_wconf 88' lang='lat' dir='ltr'>Stepha-</span> 
     </span>
     <span class='ocr_line' id='line_1_73' title="bbox 1005 2620 1745 2668; baseline -0.009 -9"><span class='ocrx_word' id='word_1_449' title='bbox 1005 2636 1070 2658; x_wconf 88' lang='lat' dir='ltr'>nus</span> <span class='ocrx_word' id='word_1_450' title='bbox 1099 2625 1130 2658; x_wconf 91' lang='lat' dir='ltr'>le</span> <span class='ocrx_word' id='word_1_451' title='bbox 1152 2625 1296 2668; x_wconf 75' lang='lat' dir='ltr'>Moyne,</span> <span class='ocrx_word' id='word_1_452' title='bbox 1325 2624 1384 2668; x_wconf 88' lang='lat' dir='ltr'>qui</span> <span class='ocrx_word' id='word_1_453' title='bbox 1412 2623 1560 2655; x_wconf 74' lang='grc' dir='ltr'>Κιτταῖον</span> <span class='ocrx_word' id='word_1_454' title='bbox 1583 2622 1654 2655; x_wconf 88' lang='lat' dir='ltr'>sive</span> <span class='ocrx_word' id='word_1_455' title='bbox 1678 2620 1745 2653; x_wconf 84' lang='lat' dir='ltr'>Cit-</span> 
     </span>
     <span class='ocr_line' id='line_1_74' title="bbox 1006 2667 1746 2724; baseline -0.009 -20"><span class='ocrx_word' id='word_1_456' title='bbox 1006 2671 1155 2704; x_wconf 84' lang='lat' dir='ltr'>tiensem</span> <span class='ocrx_word' id='word_1_457' title='bbox 1171 2680 1192 2703; x_wconf 87' lang='lat' dir='ltr'>a</span> <span class='ocrx_word' id='word_1_458' title='bbox 1206 2674 1289 2703; x_wconf 87' lang='lat' dir='ltr'>noto</span> <span class='ocrx_word' id='word_1_459' title='bbox 1307 2669 1412 2714; x_wconf 78' lang='lat' dir='ltr'>Cypri</span> <span class='ocrx_word' id='word_1_460' title='bbox 1429 2668 1551 2724; x_wconf 74' lang='lat' dir='ltr'>oppido</span> <span class='ocrx_word' id='word_1_461' title='bbox 1570 2667 1746 2701; x_wconf 86' lang='lat' dir='ltr'>Simonem</span> 
     </span>
     <span class='ocr_line' id='line_1_75' title="bbox 1007 2715 1521 2760; baseline -0.006 -11"><span class='ocrx_word' id='word_1_462' title='bbox 1007 2715 1115 2749; x_wconf 79' lang='lat' dir='ltr'>fuisse</span> <span class='ocrx_word' id='word_1_463' title='bbox 1132 2716 1199 2749; x_wconf 90' lang='lat' dir='ltr'>sibi</span> <span class='ocrx_word' id='word_1_464' title='bbox 1214 2716 1397 2760; x_wconf 88' lang='lat' dir='ltr'>persuasit.</span> <span class='ocrx_word' id='word_1_465' title='bbox 1446 2715 1521 2755; x_wconf 74' lang='lat' dir='ltr'>(b.)</span> 
     </span>
    </p>

    <p class='ocr_par' dir='ltr' id='par_1_19' title="bbox 1006 2757 1747 3124">
     <span class='ocr_line' id='line_1_76' title="bbox 1052 2757 1744 2805; baseline -0.009 -11"><span class='ocrx_word' id='word_1_466' title='bbox 1052 2772 1081 2794; x_wconf 91' lang='lat' dir='ltr'>c.</span> <span class='ocrx_word' id='word_1_467' title='bbox 1105 2761 1267 2794; x_wconf 82' lang='lat' dir='ltr'>virtutem</span> <span class='ocrx_word' id='word_1_468' title='bbox 1295 2771 1401 2805; x_wconf 83' lang='lat' dir='ltr'>supra</span> <span class='ocrx_word' id='word_1_469' title='bbox 1432 2769 1551 2793; x_wconf 89' lang='lat' dir='ltr'>omnes</span> <span class='ocrx_word' id='word_1_470' title='bbox 1585 2757 1744 2798; x_wconf 81' lang='lat' dir='ltr'>virtutes]</span> 
     </span>
     <span class='ocr_line' id='line_1_77' title="bbox 1010 2802 1746 2852; baseline -0.007 -13"><span class='ocrx_word' id='word_1_471' title='bbox 1010 2806 1069 2848; x_wconf 64' lang='grc' dir='ltr'>,Ἥ</span> <span class='ocrx_word' id='word_1_472' title='bbox 1088 2806 1219 2852; x_wconf 73' lang='grc' dir='ltr'>δύναμις</span> <span class='ocrx_word' id='word_1_473' title='bbox 1241 2809 1298 2839; x_wconf 81' lang='grc' dir='ltr'>τοῦ</span> <span class='ocrx_word' id='word_1_474' title='bbox 1321 2806 1394 2838; x_wconf 83' lang='grc' dir='ltr'>θεοῦ</span> <span class='ocrx_word' id='word_1_475' title='bbox 1410 2804 1429 2847; x_wconf 86' lang='grc' dir='ltr'>ἣ</span> <span class='ocrx_word' id='word_1_476' title='bbox 1448 2802 1604 2850; x_wconf 77' lang='grc' dir='ltr'>μεγάλη,”</span> <span class='ocrx_word' id='word_1_477' title='bbox 1633 2803 1746 2835; x_wconf 89' lang='lat' dir='ltr'>Actor.</span> 
     </span>
     <span class='ocr_line' id='line_1_78' title="bbox 1006 2847 1745 2901; baseline -0.008 -16"><span class='ocrx_word' id='word_1_478' title='bbox 1006 2851 1095 2886; x_wconf 79' lang='lat' dir='ltr'>vm.</span> <span class='ocrx_word' id='word_1_479' title='bbox 1112 2852 1163 2885; x_wconf 91' lang='lat'>10.</span> <span class='ocrx_word' id='word_1_480' title='bbox 1187 2852 1341 2885; x_wconf 88' lang='lat' dir='ltr'>Iustinus</span> <span class='ocrx_word' id='word_1_481' title='bbox 1354 2852 1486 2895; x_wconf 82' lang='lat' dir='ltr'>Martyr</span> <span class='ocrx_word' id='word_1_482' title='bbox 1498 2848 1657 2901; x_wconf 74' lang='lat' dir='ltr'>apologia</span> <span class='ocrx_word' id='word_1_483' title='bbox 1672 2847 1745 2880; x_wconf 89' lang='lat' dir='ltr'>lon-</span> 
     </span>
     <span class='ocr_line' id='line_1_79' title="bbox 1010 2892 1747 2949; baseline -0.009 -18"><span class='ocrx_word' id='word_1_484' title='bbox 1010 2897 1106 2941; x_wconf 81' lang='lat' dir='ltr'>giore</span> <span class='ocrx_word' id='word_1_485' title='bbox 1123 2909 1155 2949; x_wconf 83' lang='lat' dir='ltr'>p.</span> <span class='ocrx_word' id='word_1_486' title='bbox 1173 2897 1226 2931; x_wconf 83' lang='grc'>69.</span> <span class='ocrx_word' id='word_1_487' title='bbox 1259 2897 1412 2941; x_wconf 52' lang='grc' dir='ltr'>»Σίμωνα</span> <span class='ocrx_word' id='word_1_488' title='bbox 1436 2896 1491 2941; x_wconf 77' lang='grc' dir='ltr'>μέν</span> <span class='ocrx_word' id='word_1_489' title='bbox 1509 2906 1576 2927; x_wconf 78' lang='grc' dir='ltr'>τινα</span> <span class='ocrx_word' id='word_1_490' title='bbox 1593 2892 1747 2949; x_wconf 46' lang='grc' dir='ltr'>ὶαὶιαρέα</span> 
     </span>
     <span class='ocr_line' id='line_1_80' title="bbox 1010 2937 1747 2987; baseline -0.007 -12"><span class='ocrx_word' id='word_1_491' title='bbox 1010 2942 1066 2975; x_wconf 67' lang='grc' dir='ltr'>τὀν</span> <span class='ocrx_word' id='word_1_492' title='bbox 1084 2940 1146 2975; x_wconf 76' lang='grc' dir='ltr'>ἀπο</span> <span class='ocrx_word' id='word_1_493' title='bbox 1166 2943 1276 2987; x_wconf 83' lang='grc' dir='ltr'>κώμης</span> <span class='ocrx_word' id='word_1_494' title='bbox 1294 2941 1468 2987; x_wconf 80' lang='grc' dir='ltr'>λεγομένης</span> <span class='ocrx_word' id='word_1_495' title='bbox 1486 2940 1622 2981; x_wconf 81' lang='grc' dir='ltr'>Γιττῶν,</span> <span class='ocrx_word' id='word_1_496' title='bbox 1646 2951 1679 2976; x_wconf 82' lang='grc' dir='ltr'>ος</span> <span class='ocrx_word' id='word_1_497' title='bbox 1696 2937 1747 2971; x_wconf 77' lang='grc' dir='ltr'>ἐπὶ</span> 
     </span>
     <span class='ocr_line' id='line_1_81' title="bbox 1009 2982 1746 3033; baseline -0.007 -13"><span class='ocrx_word' id='word_1_498' title='bbox 1009 2987 1172 3020; x_wconf 75' lang='grc' dir='ltr'>Κλαυδίου</span> <span class='ocrx_word' id='word_1_499' title='bbox 1190 2988 1349 3033; x_wconf 71' lang='grc' dir='ltr'>Καίσαρος</span> <span class='ocrx_word' id='word_1_500' title='bbox 1367 2987 1418 3020; x_wconf 75' lang='grc' dir='ltr'>διὰ</span> <span class='ocrx_word' id='word_1_501' title='bbox 1430 2989 1484 3028; x_wconf 78' lang='grc' dir='ltr'>τῆς</span> <span class='ocrx_word' id='word_1_502' title='bbox 1501 2986 1565 3017; x_wconf 82' lang='grc' dir='ltr'>τῶν</span> <span class='ocrx_word' id='word_1_503' title='bbox 1583 2982 1746 3028; x_wconf 79' lang='grc' dir='ltr'>ἐνεργούν-</span> 
     </span>
     <span class='ocr_line' id='line_1_82' title="bbox 1010 3029 1746 3078; baseline -0.004 -14"><span class='ocrx_word' id='word_1_504' title='bbox 1010 3045 1075 3065; x_wconf 82' lang='grc' dir='ltr'>των</span> <span class='ocrx_word' id='word_1_505' title='bbox 1104 3033 1265 3078; x_wconf 72' lang='grc' dir='ltr'>δαιμόνων</span> <span class='ocrx_word' id='word_1_506' title='bbox 1295 3034 1409 3078; x_wconf 75' lang='grc' dir='ltr'>τέγνης</span> <span class='ocrx_word' id='word_1_507' title='bbox 1439 3029 1583 3074; x_wconf 74' lang='grc' dir='ltr'>δυνάμεις</span> <span class='ocrx_word' id='word_1_508' title='bbox 1611 3030 1746 3071; x_wconf 72' lang='grc' dir='ltr'>ποιήσας</span> 
     </span>
     <span class='ocr_line' id='line_1_83' title="bbox 1010 3073 1745 3124; baseline -0.007 -12"><span class='ocrx_word' id='word_1_509' title='bbox 1010 3078 1148 3123; x_wconf 79' lang='grc' dir='ltr'>μαγικὰς</span> <span class='ocrx_word' id='word_1_510' title='bbox 1165 3078 1196 3112; x_wconf 82' lang='grc' dir='ltr'>ἐν</span> <span class='ocrx_word' id='word_1_511' title='bbox 1213 3082 1252 3124; x_wconf 81' lang='grc' dir='ltr'>τῇ</span> <span class='ocrx_word' id='word_1_512' title='bbox 1270 3073 1360 3111; x_wconf 55' lang='grc' dir='ltr'>πόλεί</span> <span class='ocrx_word' id='word_1_513' title='bbox 1374 3077 1463 3122; x_wconf 80' lang='grc' dir='ltr'>ὑμῶν</span> <span class='ocrx_word' id='word_1_514' title='bbox 1477 3075 1616 3120; x_wconf 76' lang='grc' dir='ltr'>βασιλίδι</span> <span class='ocrx_word' id='word_1_515' title='bbox 1632 3074 1745 3121; x_wconf 78' lang='grc' dir='ltr'>Ῥώμῃ</span> 
     </span>
    </p>
   </div>
  </div>
 </body>
</html>
