2052 3374
652 231 703 258 DE
722 231 957 258 HAERESIBUS
975 232 1097 259 LIBER.

1564 238 1638 279 101

97 339 190 376 tuor
214 333 373 375 valeret
396 334 600 388 ediscere,
628 340 752 391 atque
778 336 930 378 iisdem
962 339 1032 379 vix
1063 338 1212 393 eloqui.
1263 338 1423 380 Tamen
1449 339 1643 382 4omnem

98 404 314 444 scientiam
333 402 587 457 linguarum,
610 418 713 459 quae
735 409 830 446 ante
853 405 932 447 duo
954 406 1069 447 milia
1089 407 1317 449 5annorum
1339 411 1380 448 et
1400 410 1641 463 septingen-

96 475 159 513 tos
179 485 309 512 annos
330 471 587 513 offendentes
608 474 834 514 amiserant
853 474 1081 526 hominess,
1102 475 1203 516 6sub
1226 475 1452 530 apostolisg
1476 490 1643 518 rursum

94 543 190 594 post
209 541 498 581 ascensionem
519 554 637 582 suam
659 541 849 582 dominus
877 555 952 596 per
979 544 1171 597 spiritum
1199 548 1390 585 sanctum
1420 546 1509 585 sine
1540 558 1640 599 quo-

96 607 191 649 dam
210 607 350 649 labore
373 598 638 650 credentibus
662 610 918 662 conferebat,
948 611 1056 651 sicut
1083 613 1288 666 scriptum
1317 617 1379 653 est
1399 614 1443 653 in
1464 613 1641 654 Actibus

95 676 385 731 apostolorum.
417 677 640 731 Angelicae
663 679 774 719 enim
794 679 958 719 virtutis
981 682 1045 719 est
1060 678 1221 732 linguas
1240 681 1345 721 scire
1364 682 1550 722 omnium
1565 682 1640 723 ho-

94 746 274 795 minum3
301 759 376 800 per
401 746 527 787 fidem
555 751 694 787 autem
722 746 875 787 Christi
902 747 992 787 sine
1020 746 1160 788 labore
1188 747 1425 801 linguarum
1456 751 1643 791 omnium

95 812 359 854 credentibus
381 814 722 855 subministratur
742 816 934 867 scientia,
965 815 1074 856 sicut
1100 815 1275 868 legimus
1304 816 1478 858 docente
1501 818 1640 860 divino

95 882 263 937 spiritu,
291 882 498 937 apostolos
527 886 650 937 atque
679 887 822 936 gentes
850 883 997 924 itidem
1019 884 1234 925 credentes
1256 888 1355 926 tunc
1377 887 1576 940 temporis
1598 888 1642 928 in

95 950 308 992 Christum
329 951 544 992 dominum
564 951 812 992 salvatorem
833 952 921 992 sine
944 951 1082 993 labore
1104 952 1339 1005 linguarum
1360 955 1546 995 omnium
1567 954 1640 995 do-

92 1021 235 1060 natam
255 1019 474 1060 scientiam
494 1019 769 1074 praedicasse,
790 1024 836 1061 ut
857 1020 932 1061 sub
954 1021 1076 1061 Petro
1099 1025 1140 1061 et
1159 1020 1286 1062 Paulo
1309 1025 1350 1061 et
1371 1021 1462 1062 aliis
1485 1022 1642 1064 factum

94 1090 178 1139 est,
204 1085 324 1128 ⁷cum
350 1087 548 1128 docerent
574 1092 718 1141 gentes
739 1089 904 1128 venisse
926 1088 1142 1143 Sspiritum
1164 1089 1230 1130 dei
1251 1104 1275 1130 a
1297 1089 1393 1142 deo,
1422 1094 1463 1130 et
1488 1090 1640 1144 linguis

92 1154 235 1196 multis
265 1169 334 1197 eos
364 1157 548 1210 potuisse
581 1155 738 1210 eloqui,
765 1160 812 1196 ut
841 1157 1057 1198 audientes
1088 1158 1277 1199 homines
1308 1160 1558 1199 mirarentur
1590 1159 1640 1199 de

92 1223 299 1277 gentibus,
321 1224 431 1278 quod
450 1228 661 1265 tantarum
682 1224 915 1277 linguarum
932 1230 973 1265 et
992 1226 1073 1280 ipsi
1093 1239 1168 1280 per
1184 1226 1311 1267 fidem
1328 1226 1482 1268 Christi
1500 1228 1636 1268 scien—

92 1292 194 1333 tiam
212 1291 415 1333 haberent
435 1293 524 1333 sine
547 1292 736 1334 doctrina
757 1307 1011 1334 concessam.

174 1359 271 1401 Alia
291 1365 355 1401 est
373 1360 555 1402 haeresis
578 1374 681 1415 quae
705 1361 805 1402 dicit
824 1376 978 1403 nomen
998 1362 1161 1415 linguae
1190 1362 1239 1403 de
1267 1362 1431 1404 Iudaeis
1457 1366 1641 1419 primum

91 1429 358 1484 processisse,
379 1428 448 1469 alii
470 1429 519 1470 de
536 1431 707 1484 paganis
718 1436 746 1482 ²¹,
769 1444 862 1471 oum
878 1431 1041 1483 utrique
1064 1430 1144 1471 lita
1163 1430 1240 1472 hoc
1258 1432 1485 1473 sentientes
1503 1446 1639 1475 errore

92 1510 176 1538 non
195 1510 321 1552 parvo
345 1496 507 1552 decepti
529 1499 623 1538 sint.
669 1498 802 1539 Homo
825 1499 938 1539 enim
958 1499 1091 1539 factus
1112 1500 1285 1540 rationis
1312 1502 1521 1555 particeps
1543 1502 1639 1542 fuit:

93 1566 163 1619 qui
184 1578 277 1618 ergo
299 1564 544 1619 loquebatur
564 1567 739 1618 ratione,
754 1567 965 1620 quomodo
983 1565 1179 1608 ‘·’rati0nis
1202 1572 1290 1608 erat
1307 1568 1521 1609 alienus-b?
1542 1570 1640 1611 Plus

93 1646 187 1687 ergo
208 1634 322 1688 prius
345 1638 409 1674 est
429 1635 599 1674 rationis
621 1648 712 1675 esse
733 1636 996 1690 participem,
1017 1639 1058 1675 et
1077 1636 1368 1677 rationabilem
1391 1637 1493 1690 dici,
1517 1652 1642 1692 quam

92 1715 245 1743 nomen
266 1701 444 1757 speciale
467 1707 508 1742 et
528 1701 656 1743 locale
678 1702 828 1744 habere
851 1703 1024 1744 alieuius
1046 1703 1232 1757 linguae,
1254 1709 1378 1758 atque
1401 1719 1451 1746 ex
1471 1708 1639 1747 nomine

91 1769 272 1811 hominis
292 1769 506 1825 possidere
528 1769 697 1824 aliquid.
741 1771 806 1812 Ab
828 1772 965 1813 Adam
987 1773 1099 1813 enim
1118 1786 1249 1827 usque
1279 1772 1354 1814 3ad
1374 1774 1537 1814 Heberc
1561 1775 1639 1816 duo

91 1838 208 1880 milia
238 1842 280 1879 et
310 1839 561 1894 septingenti
597 1840 696 1880 anm·
725 1842 994 1881 transierunt.
1039 1841 1138 1882 Erat
1168 1855 1261 1894 ergo
1292 1855 1447 1883 nomen
1476 1842 1640 1895 linguae

94 1907 278 1949 omnium
297 1906 514 1949 hominum
534 1907 711 1961 unumd,
740 1912 782 1949 et
807 1922 889 1950 una
914 1908 1087 1963 linguae.
1132 1909 1193 1951 Ex
1223 1923 1301 1964 quo
1329 1914 1468 1952 autem
1497 1915 1642 1953 contra

179 2031 213 2066 4.
232 2031 386 2066 omnium
403 2032 500 2076 (A)l›.
549 2031 580 2067 5.
597 2041 765 2066 annorum
782 2045 842 2068 om.
858 2034 904 2068 A.
953 2033 984 2069 6.
1004 2034 1068 2067 sub
1085 2034 1194 2068 beatis
1212 2034 1378 2080 apostolis
1395 2036 1442 2070 A.
1492 2035 1523 2070 7.
1542 2039 1581 2069 ut
1593 2036 1638 2070 Α.

91 2076 123 2112 8.
142 2075 315 2111 Christum
331 2077 386 2111 dei
402 2078 448 2112 A.

181 2122 263 2168 Cap.
287 2122 356 2157 GV.
378 2125 413 2156 in
439 2124 512 2156 abc.
536 2126 733 2168 inscriptum
759 2130 808 2156 est
827 2124 1001 2159 HAERESIS
1026 2137 1071 2159 m:
1096 2137 1229 2161 nomm:
1254 2137 1417 2162 ListAE.
1437 2147 1480 2152 —
1520 2127 1549 2162 1.
1574 2126 1640 2160 hoc

91 2167 140 2202 ita
154 2168 200 2204 A.

141 2292 166 2327 f.
190 2297 270 2328 ante
296 2294 459 2328 MMDCC
487 2305 596 2328 annos
618 2294 829 2330 offendentes

91 2339 277 2373 amiserant
291 2339 463 2384 homines]
485 2340 521 2374 Si
535 2345 613 2373 ante
623 2340 711 2373 2700
720 2351 829 2374 annos

91 2385 284 2427 amiserant,
297 2396 408 2430 neque
422 2392 500 2420 ante
514 2386 751 2419 confusionem
764 2386 829 2419 Ba-

90 2429 237 2465 belicam
251 2435 437 2476 potuerunt
452 2432 511 2465 illa
527 2432 667 2465 scientia
685 2432 750 2464 uti:
767 2432 829 2465 ita-

92 2485 157 2520 que
169 2486 293 2510 sensus
307 2480 369 2518 est,
390 2488 450 2522 per
459 2482 636 2522 peccatum
650 2482 728 2510 ante
742 2477 830 2511 2700

90 2531 198 2555 annos
232 2521 424 2556 admissum
454 2533 474 2555 a
502 2522 722 2567 protoplastis
756 2534 829 2556 esse

89 2565 228 2608 factum,
245 2571 283 2600 ut
299 2567 419 2601 deinde
436 2579 505 2601 non
523 2572 719 2601 constanter
734 2568 829 2602 illam

90 2616 340 2654 conservarent,
356 2613 415 2646 sed
431 2618 584 2658 tempore
600 2613 776 2646 interiecto
793 2614 828 2646 in

91 2656 290 2692 confusione
298 2657 461 2692 Babelica
472 2658 623 2692 facerent
637 2659 710 2691 eius
723 2659 829 2692 iactu-

90 2711 174 2736 ram.
199 2703 283 2737 Vide
297 2703 388 2737 infra
403 2714 477 2749 cap.
499 2704 570 2737 105.
619 2704 693 2744 (F.)

134 2757 168 2792 g.
181 2748 245 2782 sub
263 2749 442 2793 apostolis]
456 2750 618 2782 Actorum
632 2749 671 2781 ll.
681 2749 712 2781 4.
724 2749 753 2782 7.
767 2749 828 2791 12„

91 2791 134 2825 ad
146 2803 234 2838 quae
245 2793 320 2827 loca
331 2794 463 2828 iuvabit
476 2795 653 2828 consulere
667 2793 713 2827 Io.
729 2794 828 2839 Casp.

91 2836 287 2873 Santorocci
310 2839 584 2873 dissertationem
614 2839 654 2872 de
676 2839 738 2872 Lin
752 2850 826 2872 rua-

89 2884 349 2925 rumMiraculo‚
359 2885 485 2919 editam
493 2886 548 2918 Ma
554 2885 670 2929 rpurgi
680 2886 717 2917 A.
731 2885 745 2917 1
776 2885 825 2919 18.

90 2926 167 2962 Non
187 2933 303 2963 autem
324 2930 359 2964 in
381 2931 615 2970 audientibus,
638 2930 697 2962 sed
721 2931 755 2963 in
778 2931 826 2963 lo-

91 2974 273 3017 quentibus
307 2975 439 3020 potius,
475 2976 559 3009 illud
591 2976 699 3008 fuisse
737 2980 827 3009 recte

90 3019 221 3053 notavit
237 3019 423 3064 Gregorius
439 3020 520 3054 Naz.
535 3021 694 3054 Oratione
707 3021 826 3055 XLIV.

92 3062 130 3098 in
142 3062 368 3100 Pentecosten
390 3077 424 3111 p.
442 3066 518 3100 738.
540 3067 673 3100 Diserte
686 3066 779 3100 enim
795 3072 828 3101 et

271 2167 302 2204 2.
322 2169 485 2203 orationis
503 2170 657 2202 emendat
671 2169 706 2202 F
706 2169 866 2205 ctbriee'us.

937 2170 969 2206 3.
989 2171 1031 2204 ad
1049 2184 1109 2206 om.
1129 2184 1158 2207 0,

897 2296 1078 2341 aliquoties
1106 2296 1296 2330 λαλούντων
1328 2296 1446 2342 ἑτέραις
1475 2297 1641 2342 γλώσσαις

896 2343 1108 2377 mentionem
1130 2343 1213 2377 facit
1243 2354 1340 2377 sacer
1367 2346 1530 2377 Actorum
1559 2345 1639 2377 scri-

897 2391 974 2432 ptor
990 2388 1111 2422 Lucas.
1160 2389 1234 2430 (F.)

943 2432 1023 2478 Cap.
1044 2434 1110 2468 CV.
1134 2454 1178 2459 -—
1217 2446 1247 2468 a.
1278 2445 1405 2468 nomen
1431 2435 1570 2479 linguae
1599 2435 1640 2468 de

897 2478 1040 2519 Iudaeis
1058 2481 1116 2513 alii
1133 2480 1173 2513 de
1189 2481 1351 2525 paganis]
1384 2480 1454 2513 Hoc
1474 2487 1535 2521 est,
1554 2482 1640 2514 anti-

898 2525 1100 2568 quissimam
1116 2526 1273 2570 linguam
1295 2527 1401 2560 fuisse
1424 2525 1639 2567 Iudaeorum,

896 2570 951 2603 vel
967 2581 1192 2615 paganorum,
1213 2571 1389 2605 Graecam.
1441 2571 1514 2612 (F.)

941 2615 973 2648 b.
1003 2616 1174 2660 quomodo
1203 2617 1345 2650 rationis
1373 2621 1444 2650 erat
1469 2617 1637 2659 alienus?]

895 2659 980 2694 Puto
997 2661 1182 2706 legendum
1198 2665 1370 2696 orationis.
1418 2662 1491 2703 (F.)

942 2717 970 2739 0.
994 2717 1102 2751 usque
1127 2707 1169 2740 ad
1186 2708 1312 2750 Heber]
1348 2708 1530 2740 l'arentem
1552 2707 1638 2740 Pha-

896 2751 976 2792 legi,
1005 2753 1068 2785 sub
1097 2763 1164 2798 quo
1190 2754 1331 2786 celebris
1355 2754 1413 2786 illa
1441 2753 1639 2796 linguarum

898 2796 1062 2841 dispersio
1094 2799 1217 2831 Genes.
1242 2798 1285 2831 X.
1313 2798 1364 2832 213.
1416 2798 1466 2832 De
1496 2809 1636 2831 numero

895 2852 1063 2875 annorum
1086 2842 1174 2877 2700
1196 2844 1266 2877 iam
1291 2844 1419 2877 dictum
1443 2844 1551 2888 capite
1582 2855 1637 2876 su-

892 2887 1034 2931 periore.
1083 2888 1157 2929 (F.)

939 2932 969 2965 d.
995 2943 1119 2966 nomen
1135 2934 1274 2979 linguae
1293 2935 1445 2968 omnium
1458 2933 1637 2967 hominum

895 2979 1016 3020 unum]
1053 2977 1263 3024 Quocunque
1280 2980 1442 3013 idiomate
1459 2979 1635 3023 loqueren—

895 3028 949 3055 tur
962 3022 1128 3065 homines,
1141 3025 1330 3058 vocabatur
1342 3026 1461 3067 lingua
1474 3024 1634 3066 humana,

896 3078 1006 3113 neque
1024 3068 1090 3103 alio
1113 3069 1282 3114 singulari
1304 3071 1463 3105 veniebat
1483 3071 1633 3112 nomine,

1666 1379 1732 1412 Cap.
1752 1380 1807 1405 CV.
