<?xml version="1.0" encoding="UTF-8"?>
<!DOCTYPE html PUBLIC "-//W3C//DTD XHTML 1.0 Transitional//EN"
    "http://www.w3.org/TR/xhtml1/DTD/xhtml1-transitional.dtd">
<html xmlns="http://www.w3.org/1999/xhtml" xml:lang="en" lang="en">
 <head>
  <title>
</title>
<meta http-equiv="Content-Type" content="text/html;charset=utf-8" />
  <meta name='ocr-system' content='tesseract 3.04.00' />
  <meta name='ocr-capabilities' content='ocr_page ocr_carea ocr_par ocr_line ocrx_word'/>
</head>
<body>
  <div class='ocr_page' id='page_1' title='image "./corporishaereseo01epipuoft_0239.png"; bbox 0 0 2052 3374; ppageno 0'>
   <div class='ocr_carea' id='block_1_1' title="bbox 0 2938 3 3067">
    <p class='ocr_par' dir='ltr' id='par_1_1' title="bbox 0 2938 3 3067">
     <span class='ocr_line' id='line_1_1' title="bbox 0 2938 1 2955; baseline 0 0"><span class='ocrx_word' id='word_1_1' title='bbox 0 2938 1 2955; x_wconf 83' lang='grc'>1</span> 
     </span>
     <span class='ocr_line' id='line_1_2' title="bbox 0 2973 2 2990; baseline 0 0"><span class='ocrx_word' id='word_1_2' title='bbox 0 2973 2 2990; x_wconf 82' lang='grc'>1</span> 
     </span>
     <span class='ocr_line' id='line_1_3' title="bbox 0 3000 2 3012; baseline 0 0"><span class='ocrx_word' id='word_1_3' title='bbox 0 3000 2 3012; x_wconf 98' lang='grc' dir='ltr'>Ι</span> 
     </span>
     <span class='ocr_line' id='line_1_4' title="bbox 0 3042 3 3067; baseline 0 0"><span class='ocrx_word' id='word_1_4' title='bbox 0 3042 3 3067; x_wconf 72' lang='lat' dir='ltr'>l</span> 
     </span>
    </p>
   </div>
   <div class='ocr_carea' id='block_1_2' title="bbox 3 3165 8 3301">
    <p class='ocr_par' dir='ltr' id='par_1_2' title="bbox 3 3165 8 3301">
     <span class='ocr_line' id='line_1_5' title="bbox 3 3165 5 3188; baseline 0 0"><span class='ocrx_word' id='word_1_5' title='bbox 3 3165 5 3188; x_wconf 76' lang='grc'>1</span> 
     </span>
     <span class='ocr_line' id='line_1_6' title="bbox 4 3235 7 3274; baseline 0 0"><span class='ocrx_word' id='word_1_6' title='bbox 4 3235 7 3274; x_wconf 67' lang='lat' dir='ltr'>l</span> 
     </span>
     <span class='ocr_line' id='line_1_7' title="bbox 4 3287 8 3301; baseline 0 0"><span class='ocrx_word' id='word_1_7' title='bbox 4 3287 8 3301; x_wconf 79' lang='grc'><strong>.</strong></span> 
     </span>
    </p>
   </div>
   <div class='ocr_carea' id='block_1_3' title="bbox 634 192 1625 234">
    <p class='ocr_par' dir='ltr' id='par_1_3' title="bbox 634 192 1625 234">
     <span class='ocr_line' id='line_1_8' title="bbox 634 192 1625 234; baseline 0.009 -16"><span class='ocrx_word' id='word_1_8' title='bbox 634 193 685 219; x_wconf 80' lang='lat' dir='ltr'>DE</span> <span class='ocrx_word' id='word_1_9' title='bbox 704 192 937 219; x_wconf 75' lang='lat' dir='ltr'><strong>HAERESIBUS</strong></span> <span class='ocrx_word' id='word_1_10' title='bbox 956 193 1077 219; x_wconf 80' lang='lat' dir='ltr'>LIBER.</span> <span class='ocrx_word' id='word_1_11' title='bbox 1545 193 1625 234; x_wconf 80' lang='lat'>217</span> 
     </span>
    </p>
   </div>
   <div class='ocr_carea' id='block_1_4' title="bbox 87 297 1635 2623">
    <p class='ocr_par' dir='ltr' id='par_1_4' title="bbox 87 297 1631 1520">
     <span class='ocr_line' id='line_1_9' title="bbox 90 297 1625 354; baseline -0.001 -15"><span class='ocrx_word' id='word_1_12' title='bbox 90 299 248 354; x_wconf 85' lang='lat' dir='ltr'>seipsos</span> <span class='ocrx_word' id='word_1_13' title='bbox 267 311 416 340; x_wconf 85' lang='lat' dir='ltr'>necare</span> <span class='ocrx_word' id='word_1_14' title='bbox 438 301 709 351; x_wconf 77' lang='lat' dir='ltr'>consuerunt,</span> <span class='ocrx_word' id='word_1_15' title='bbox 739 302 782 339; x_wconf 88' lang='lat' dir='ltr'>et</span> <span class='ocrx_word' id='word_1_16' title='bbox 807 300 852 339; x_wconf 89' lang='lat' dir='ltr'>in</span> <span class='ocrx_word' id='word_1_17' title='bbox 878 300 1004 340; x_wconf 87' lang='lat' dir='ltr'>istum</span> <span class='ocrx_word' id='word_1_18' title='bbox 1030 299 1209 340; x_wconf 84' lang='lat' dir='ltr'>furorem</span> <span class='ocrx_word' id='word_1_19' title='bbox 1229 297 1329 339; x_wconf 90' lang='lat' dir='ltr'>alios</span> <span class='ocrx_word' id='word_1_20' title='bbox 1358 311 1459 352; x_wconf 87' lang='lat' dir='ltr'>quos</span> <span class='ocrx_word' id='word_1_21' title='bbox 1480 300 1625 352; x_wconf 90' lang='lat' dir='ltr'>potue-</span> 
     </span>
     <span class='ocr_line' id='line_1_10' title="bbox 89 366 1627 421; baseline -0.001 -13"><span class='ocrx_word' id='word_1_22' title='bbox 89 369 174 408; x_wconf 99' lang='lat' dir='ltr'>rint</span> <span class='ocrx_word' id='word_1_23' title='bbox 199 380 322 408; x_wconf 83' lang='lat' dir='ltr'>sexus</span> <span class='ocrx_word' id='word_1_24' title='bbox 348 368 562 421; x_wconf 88' lang='lat' dir='ltr'>utriusque</span> <span class='ocrx_word' id='word_1_25' title='bbox 590 366 804 420; x_wconf 61' lang='lat' dir='ltr'>seducere,</span> <span class='ocrx_word' id='word_1_26' title='bbox 839 366 1058 421; x_wconf 87' lang='lat' dir='ltr'>aliquando</span> <span class='ocrx_word' id='word_1_27' title='bbox 1096 370 1142 407; x_wconf 91' lang='lat' dir='ltr'>ut</span> <span class='ocrx_word' id='word_1_28' title='bbox 1168 366 1408 408; x_wconf 72' lang='lat' dir='ltr'>occidantur</span> <span class='ocrx_word' id='word_1_29' title='bbox 1442 366 1493 406; x_wconf 85' lang='lat' dir='ltr'>ab</span> <span class='ocrx_word' id='word_1_30' title='bbox 1521 366 1627 418; x_wconf 81' lang='lat' dir='ltr'>aliis⁷</span> 
     </span>
     <span class='ocr_line' id='line_1_11' title="bbox 89 435 1625 490; baseline -0.001 -14"><span class='ocrx_word' id='word_1_31' title='bbox 89 438 263 476; x_wconf 88' lang='lat' dir='ltr'>mortem</span> <span class='ocrx_word' id='word_1_32' title='bbox 282 437 363 476; x_wconf 89' lang='lat' dir='ltr'>nisi</span> <span class='ocrx_word' id='word_1_33' title='bbox 384 436 557 476; x_wconf 87' lang='lat' dir='ltr'>fecerint</span> <span class='ocrx_word' id='word_1_34' title='bbox 579 437 891 477; x_wconf 74' lang='lat' dir='ltr'>comminantes.</span> <span class='ocrx_word' id='word_1_35' title='bbox 940 435 1236 476; x_wconf 72' lang='lat' dir='ltr'>Verumtamen</span> <span class='ocrx_word' id='word_1_36' title='bbox 1261 435 1468 490; x_wconf 89' lang='lat' dir='ltr'>plerisque</span> <span class='ocrx_word' id='word_1_37' title='bbox 1488 435 1625 475; x_wconf 87' lang='lat' dir='ltr'>Dona-</span> 
     </span>
     <span class='ocr_line' id='line_1_12' title="bbox 89 502 1627 559; baseline 0 -15"><span class='ocrx_word' id='word_1_38' title='bbox 89 505 279 544; x_wconf 85' lang='lat' dir='ltr'>tistarum</span> <span class='ocrx_word' id='word_1_39' title='bbox 299 502 520 559; x_wconf 76' lang='lat' dir='ltr'>displicent</span> <span class='ocrx_word' id='word_1_40' title='bbox 541 503 665 556; x_wconf 75' lang='lat' dir='ltr'>tales⁷</span> <span class='ocrx_word' id='word_1_41' title='bbox 695 518 768 544; x_wconf 86' lang='lat' dir='ltr'>nec</span> <span class='ocrx_word' id='word_1_42' title='bbox 796 517 938 544; x_wconf 86' lang='lat' dir='ltr'>eorum</span> <span class='ocrx_word' id='word_1_43' title='bbox 965 505 1251 544; x_wconf 86' lang='lat' dir='ltr'>communione</span> <span class='ocrx_word' id='word_1_44' title='bbox 1281 505 1553 544; x_wconf 78' lang='lat' dir='ltr'>contaminari</span> <span class='ocrx_word' id='word_1_45' title='bbox 1584 518 1627 544; x_wconf 90' lang='lat' dir='ltr'>se</span> 
     </span>
     <span class='ocr_line' id='line_1_13' title="bbox 87 571 1629 627; baseline 0 -14"><span class='ocrx_word' id='word_1_46' title='bbox 87 575 247 627; x_wconf 77' lang='lat' dir='ltr'>putant,</span> <span class='ocrx_word' id='word_1_47' title='bbox 268 574 337 626; x_wconf 90' lang='lat' dir='ltr'>qui</span> <span class='ocrx_word' id='word_1_48' title='bbox 358 572 589 614; x_wconf 83' lang='lat' dir='ltr'>Christiano</span> <span class='ocrx_word' id='word_1_49' title='bbox 612 573 700 613; x_wconf 88' lang='lat' dir='ltr'>orbi</span> <span class='ocrx_word' id='word_1_50' title='bbox 722 577 922 612; x_wconf 89' lang='lat' dir='ltr'>terrarum</span> <span class='ocrx_word' id='word_1_51' title='bbox 944 571 1155 612; x_wconf 88' lang='lat' dir='ltr'>dementer</span> <span class='ocrx_word' id='word_1_52' title='bbox 1177 573 1377 613; x_wconf 86' lang='lat' dir='ltr'>obiiciunt</span> <span class='ocrx_word' id='word_1_53' title='bbox 1397 573 1629 625; x_wconf 81' lang='lat' dir='ltr'>ignotorum</span> 
     </span>
     <span class='ocr_line' id='line_1_14' title="bbox 89 640 1627 695; baseline 0 -13"><span class='ocrx_word' id='word_1_54' title='bbox 89 642 246 682; x_wconf 83' lang='lat' dir='ltr'>crimen</span> <span class='ocrx_word' id='word_1_55' title='bbox 264 640 468 682; x_wconf 75' lang='lat' dir='ltr'>Afroriun.</span> <span class='ocrx_word' id='word_1_56' title='bbox 518 641 647 683; x_wconf 85' lang='lat' dir='ltr'>Multa</span> <span class='ocrx_word' id='word_1_57' title='bbox 676 645 716 682; x_wconf 89' lang='lat' dir='ltr'>ct</span> <span class='ocrx_word' id='word_1_58' title='bbox 737 642 843 681; x_wconf 90' lang='lat' dir='ltr'>inter</span> <span class='ocrx_word' id='word_1_59' title='bbox 864 642 976 695; x_wconf 75' lang='lat' dir='ltr'>ipsos</span> <span class='ocrx_word' id='word_1_60' title='bbox 997 640 1105 682; x_wconf 83' lang='lat' dir='ltr'>facta</span> <span class='ocrx_word' id='word_1_61' title='bbox 1127 646 1222 681; x_wconf 88' lang='lat' dir='ltr'>sunt</span> <span class='ocrx_word' id='word_1_62' title='bbox 1244 642 1487 693; x_wconf 79' lang='lat' dir='ltr'>schismata⁷</span> <span class='ocrx_word' id='word_1_63' title='bbox 1516 645 1557 682; x_wconf 91' lang='lat' dir='ltr'>et</span> <span class='ocrx_word' id='word_1_64' title='bbox 1577 641 1627 682; x_wconf 87' lang='lat' dir='ltr'>ab</span> 
     </span>
     <span class='ocr_line' id='line_1_15' title="bbox 87 708 1627 764; baseline 0 -14"><span class='ocrx_word' id='word_1_65' title='bbox 87 710 138 750; x_wconf 83' lang='lat' dir='ltr'>iis</span> <span class='ocrx_word' id='word_1_66' title='bbox 160 723 203 750; x_wconf 90' lang='lat' dir='ltr'>se</span> <span class='ocrx_word' id='word_1_67' title='bbox 225 708 399 751; x_wconf 84' lang='lat' dir='ltr'>diversis</span> <span class='ocrx_word' id='word_1_68' title='bbox 429 710 613 751; x_wconf 89' lang='lat' dir='ltr'>coetibus</span> <span class='ocrx_word' id='word_1_69' title='bbox 641 709 710 750; x_wconf 87' lang='lat' dir='ltr'>alii</span> <span class='ocrx_word' id='word_1_70' title='bbox 731 713 852 763; x_wconf 86' lang='lat' dir='ltr'>atque</span> <span class='ocrx_word' id='word_1_71' title='bbox 874 708 944 749; x_wconf 89' lang='lat' dir='ltr'>alii</span> <span class='ocrx_word' id='word_1_72' title='bbox 967 715 1226 763; x_wconf 78' lang='lat' dir='ltr'>separarunt3</span> <span class='ocrx_word' id='word_1_73' title='bbox 1258 724 1431 763; x_wconf 89' lang='lat' dir='ltr'>quorum</span> <span class='ocrx_word' id='word_1_74' title='bbox 1461 724 1627 764; x_wconf 84' lang='lat' dir='ltr'>separa—</span> 
     </span>
     <span class='ocr_line' id='line_1_16' title="bbox 87 777 1628 833; baseline 0.001 -15"><span class='ocrx_word' id='word_1_75' title='bbox 87 779 242 820; x_wconf 90' lang='lat' dir='ltr'>tionem</span> <span class='ocrx_word' id='word_1_76' title='bbox 270 781 407 819; x_wconf 85' lang='lat' dir='ltr'>cetera</span> <span class='ocrx_word' id='word_1_77' title='bbox 427 779 592 831; x_wconf 79' lang='lat' dir='ltr'>grandis</span> <span class='ocrx_word' id='word_1_78' title='bbox 620 777 839 819; x_wconf 89' lang='lat' dir='ltr'>multitudo</span> <span class='ocrx_word' id='word_1_79' title='bbox 861 791 945 818; x_wconf 89' lang='lat' dir='ltr'>non</span> <span class='ocrx_word' id='word_1_80' title='bbox 967 779 1110 818; x_wconf 87' lang='lat' dir='ltr'>sensit.</span> <span class='ocrx_word' id='word_1_81' title='bbox 1170 778 1251 819; x_wconf 82' lang='lat' dir='ltr'>Sed</span> <span class='ocrx_word' id='word_1_82' title='bbox 1280 778 1388 833; x_wconf 84' lang='lat' dir='ltr'>apud</span> <span class='ocrx_word' id='word_1_83' title='bbox 1417 779 1628 832; x_wconf 77' lang='lat' dir='ltr'>Carthagi-</span> 
     </span>
     <span class='ocr_line' id='line_1_17' title="bbox 88 845 1630 889; baseline 0.001 -1"><span class='ocrx_word' id='word_1_84' title='bbox 88 859 184 888; x_wconf 88' lang='lat' dir='ltr'>nem</span> <span class='ocrx_word' id='word_1_85' title='bbox 212 845 487 888; x_wconf 80' lang='lat' dir='ltr'>Maximianus</span> <span class='ocrx_word' id='word_1_86' title='bbox 515 851 656 888; x_wconf 89' lang='lat' dir='ltr'>contra</span> <span class='ocrx_word' id='word_1_87' title='bbox 685 847 942 888; x_wconf 87' lang='lat' dir='ltr'>Primianum</span> <span class='ocrx_word' id='word_1_88' title='bbox 978 846 1029 888; x_wconf 88' lang='lat' dir='ltr'>ab</span> <span class='ocrx_word' id='word_1_89' title='bbox 1065 845 1251 888; x_wconf 88' lang='lat' dir='ltr'>eiusdem</span> <span class='ocrx_word' id='word_1_90' title='bbox 1278 849 1426 888; x_wconf 88' lang='lat' dir='ltr'>erroris</span> <span class='ocrx_word' id='word_1_91' title='bbox 1464 851 1630 889; x_wconf 88' lang='lat' dir='ltr'>centum</span> 
     </span>
     <span class='ocr_line' id='line_1_18' title="bbox 87 915 1628 971; baseline 0.001 -15"><span class='ocrx_word' id='word_1_92' title='bbox 87 915 214 956; x_wconf 89' lang='lat' dir='ltr'>ferme</span> <span class='ocrx_word' id='word_1_93' title='bbox 235 917 441 971; x_wconf 88' lang='lat' dir='ltr'>episcopis</span> <span class='ocrx_word' id='word_1_94' title='bbox 463 915 696 968; x_wconf 80' lang='lat' dir='ltr'>ordinatus,</span> <span class='ocrx_word' id='word_1_95' title='bbox 723 919 764 956; x_wconf 89' lang='lat' dir='ltr'>et</span> <span class='ocrx_word' id='word_1_96' title='bbox 790 929 814 956; x_wconf 87' lang='lat' dir='ltr'>a</span> <span class='ocrx_word' id='word_1_97' title='bbox 840 915 1009 969; x_wconf 85' lang='lat' dir='ltr'>reliquis</span> <span class='ocrx_word' id='word_1_98' title='bbox 1038 916 1234 956; x_wconf 74' lang='lat' dir='ltr'>trecentis</span> <span class='ocrx_word' id='word_1_99' title='bbox 1265 915 1427 968; x_wconf 77' lang='lat' dir='ltr'>decem,</span> <span class='ocrx_word' id='word_1_100' title='bbox 1456 930 1549 957; x_wconf 89' lang='lat' dir='ltr'>cum</span> <span class='ocrx_word' id='word_1_101' title='bbox 1570 917 1628 957; x_wconf 89' lang='lat' dir='ltr'>eis</span> 
     </span>
     <span class='ocr_line' id='line_1_19' title="bbox 90 982 1628 1038; baseline 0 -13"><span class='ocrx_word' id='word_1_102' title='bbox 90 982 307 1025; x_wconf 83' lang='lat' dir='ltr'>duodecim</span> <span class='ocrx_word' id='word_1_103' title='bbox 327 986 397 1038; x_wconf 92' lang='lat' dir='ltr'>qui</span> <span class='ocrx_word' id='word_1_104' title='bbox 418 984 667 1026; x_wconf 86' lang='lat' dir='ltr'>ordinationi</span> <span class='ocrx_word' id='word_1_105' title='bbox 694 985 781 1025; x_wconf 89' lang='lat' dir='ltr'>eius</span> <span class='ocrx_word' id='word_1_106' title='bbox 803 985 927 1024; x_wconf 86' lang='lat' dir='ltr'>etiam</span> <span class='ocrx_word' id='word_1_107' title='bbox 948 985 1181 1038; x_wconf 88' lang='lat' dir='ltr'>praesentia</span> <span class='ocrx_word' id='word_1_108' title='bbox 1208 984 1410 1038; x_wconf 88' lang='lat' dir='ltr'>corporali</span> <span class='ocrx_word' id='word_1_109' title='bbox 1430 984 1628 1026; x_wconf 86' lang='lat' dir='ltr'>interfue-</span> 
     </span>
     <span class='ocr_line' id='line_1_20' title="bbox 89 1052 1631 1106; baseline 0.001 -13"><span class='ocrx_word' id='word_1_110' title='bbox 89 1055 185 1093; x_wconf 91' lang='lat' dir='ltr'>runt</span> <span class='ocrx_word' id='word_1_111' title='bbox 204 1053 461 1094; x_wconf 88' lang='lat' dir='ltr'>atrocissima</span> <span class='ocrx_word' id='word_1_112' title='bbox 483 1053 770 1094; x_wconf 82' lang='lat' dir='ltr'>criminatione</span> <span class='ocrx_word' id='word_1_113' title='bbox 799 1052 1019 1093; x_wconf 85' lang='lat' dir='ltr'>damnatus</span> <span class='ocrx_word' id='word_1_114' title='bbox 1041 1052 1238 1106; x_wconf 84' lang='lat' dir='ltr'>compulit</span> <span class='ocrx_word' id='word_1_115' title='bbox 1264 1066 1334 1093; x_wconf 89' lang='lat' dir='ltr'>eos</span> <span class='ocrx_word' id='word_1_116' title='bbox 1361 1066 1482 1093; x_wconf 85' lang='lat' dir='ltr'>nosse</span> <span class='ocrx_word' id='word_1_117' title='bbox 1505 1055 1631 1094; x_wconf 86' lang='lat' dir='ltr'>etiam</span> 
     </span>
     <span class='ocr_line' id='line_1_21' title="bbox 90 1120 1630 1176; baseline 0.001 -15"><span class='ocrx_word' id='word_1_118' title='bbox 90 1123 204 1161; x_wconf 85' lang='lat' dir='ltr'>extra</span> <span class='ocrx_word' id='word_1_119' title='bbox 224 1120 442 1162; x_wconf 88' lang='lat' dir='ltr'>ecclesiam</span> <span class='ocrx_word' id='word_1_120' title='bbox 463 1120 551 1162; x_wconf 87' lang='lat' dir='ltr'>dari</span> <span class='ocrx_word' id='word_1_121' title='bbox 571 1134 692 1176; x_wconf 89' lang='lat' dir='ltr'>posse</span> <span class='ocrx_word' id='word_1_122' title='bbox 720 1121 975 1175; x_wconf 86' lang='lat' dir='ltr'>baptismum</span> <span class='ocrx_word' id='word_1_123' title='bbox 1006 1120 1169 1162; x_wconf 75' lang='lat' dir='ltr'>Christi.</span> <span class='ocrx_word' id='word_1_124' title='bbox 1219 1120 1325 1162; x_wconf 89' lang='lat' dir='ltr'>Nam</span> <span class='ocrx_word' id='word_1_125' title='bbox 1354 1121 1553 1175; x_wconf 87' lang='lat' dir='ltr'>quosdam</span> <span class='ocrx_word' id='word_1_126' title='bbox 1580 1135 1630 1163; x_wconf 78' lang='lat' dir='ltr'>ex</span> 
     </span>
     <span class='ocr_line' id='line_1_22' title="bbox 89 1189 1629 1244; baseline 0.001 -14"><span class='ocrx_word' id='word_1_127' title='bbox 89 1190 150 1230; x_wconf 89' lang='lat' dir='ltr'>eis</span> <span class='ocrx_word' id='word_1_128' title='bbox 172 1202 266 1230; x_wconf 90' lang='grc'>011111</span> <span class='ocrx_word' id='word_1_129' title='bbox 287 1191 344 1230; x_wconf 89' lang='lat' dir='ltr'>eis</span> <span class='ocrx_word' id='word_1_130' title='bbox 368 1203 468 1243; x_wconf 89' lang='lat' dir='ltr'>quos</span> <span class='ocrx_word' id='word_1_131' title='bbox 491 1193 606 1231; x_wconf 75' lang='lat' dir='ltr'>extra</span> <span class='ocrx_word' id='word_1_132' title='bbox 627 1203 768 1231; x_wconf 88' lang='lat' dir='ltr'>eorum</span> <span class='ocrx_word' id='word_1_133' title='bbox 790 1190 1008 1230; x_wconf 87' lang='lat' dir='ltr'>ecclesiam</span> <span class='ocrx_word' id='word_1_134' title='bbox 1028 1189 1357 1244; x_wconf 70' lang='lat' dir='ltr'>baptizaverant,</span> <span class='ocrx_word' id='word_1_135' title='bbox 1385 1191 1428 1230; x_wconf 91' lang='lat' dir='ltr'>in</span> <span class='ocrx_word' id='word_1_136' title='bbox 1450 1191 1535 1231; x_wconf 84' lang='lat' dir='ltr'>suis</span> <span class='ocrx_word' id='word_1_137' title='bbox 1555 1189 1629 1232; x_wconf 87' lang='lat' dir='ltr'>ho-</span> 
     </span>
     <span class='ocr_line' id='line_1_23' title="bbox 89 1257 1630 1314; baseline -0.001 -14"><span class='ocrx_word' id='word_1_138' title='bbox 89 1257 258 1300; x_wconf 89' lang='lat' dir='ltr'>noribus</span> <span class='ocrx_word' id='word_1_139' title='bbox 286 1259 374 1299; x_wconf 89' lang='lat' dir='ltr'>sine</span> <span class='ocrx_word' id='word_1_140' title='bbox 395 1258 481 1299; x_wconf 88' lang='lat' dir='ltr'>ulla</span> <span class='ocrx_word' id='word_1_141' title='bbox 505 1259 549 1299; x_wconf 93' lang='lat' dir='ltr'>in</span> <span class='ocrx_word' id='word_1_142' title='bbox 576 1272 781 1313; x_wconf 89' lang='lat' dir='ltr'>quoquam</span> <span class='ocrx_word' id='word_1_143' title='bbox 810 1260 1054 1313; x_wconf 84' lang='lat' dir='ltr'>repetitione</span> <span class='ocrx_word' id='word_1_144' title='bbox 1084 1259 1344 1314; x_wconf 87' lang='lat' dir='ltr'>baptismatis</span> <span class='ocrx_word' id='word_1_145' title='bbox 1374 1263 1630 1314; x_wconf 74' lang='lat' dir='ltr'>receperunt,</span> 
     </span>
     <span class='ocr_line' id='line_1_24' title="bbox 90 1327 1630 1383; baseline 0 -15"><span class='ocrx_word' id='word_1_146' title='bbox 90 1339 165 1369; x_wconf 88' lang='grc'>1160</span> <span class='ocrx_word' id='word_1_147' title='bbox 193 1340 261 1369; x_wconf 87' lang='grc'>603</span> <span class='ocrx_word' id='word_1_148' title='bbox 289 1331 335 1368; x_wconf 91' lang='lat' dir='ltr'>ut</span> <span class='ocrx_word' id='word_1_149' title='bbox 361 1329 613 1381; x_wconf 84' lang='lat' dir='ltr'>corrigerent</span> <span class='ocrx_word' id='word_1_150' title='bbox 640 1341 712 1382; x_wconf 87' lang='lat' dir='ltr'>per</span> <span class='ocrx_word' id='word_1_151' title='bbox 740 1327 928 1382; x_wconf 83' lang='lat' dir='ltr'>publicas</span> <span class='ocrx_word' id='word_1_152' title='bbox 962 1331 1189 1383; x_wconf 79' lang='lat' dir='ltr'>potestates</span> <span class='ocrx_word' id='word_1_153' title='bbox 1219 1342 1336 1381; x_wconf 78' lang='lat' dir='ltr'>agere</span> <span class='ocrx_word' id='word_1_154' title='bbox 1370 1328 1630 1381; x_wconf 76' lang='lat' dir='ltr'>destiterunt⁷</span> 
     </span>
     <span class='ocr_line' id='line_1_25' title="bbox 89 1397 1628 1451; baseline 0.001 -14"><span class='ocrx_word' id='word_1_155' title='bbox 89 1409 166 1438; x_wconf 91' lang='lat' dir='ltr'>nec</span> <span class='ocrx_word' id='word_1_156' title='bbox 186 1408 329 1438; x_wconf 91' lang='lat' dir='ltr'>eorum</span> <span class='ocrx_word' id='word_1_157' title='bbox 351 1397 593 1438; x_wconf 88' lang='lat' dir='ltr'>criminibus</span> <span class='ocrx_word' id='word_1_158' title='bbox 616 1410 689 1451; x_wconf 88' lang='lat' dir='ltr'>per</span> <span class='ocrx_word' id='word_1_159' title='bbox 710 1398 774 1438; x_wconf 87' lang='lat' dir='ltr'>sui</span> <span class='ocrx_word' id='word_1_160' title='bbox 803 1397 966 1438; x_wconf 86' lang='lat' dir='ltr'>concilii</span> <span class='ocrx_word' id='word_1_161' title='bbox 988 1398 1237 1438; x_wconf 86' lang='lat' dir='ltr'>sententiam</span> <span class='ocrx_word' id='word_1_162' title='bbox 1263 1397 1530 1438; x_wconf 79' lang='lat' dir='ltr'>vehementer</span> <span class='ocrx_word' id='word_1_163' title='bbox 1558 1409 1628 1438; x_wconf 80' lang='lat' dir='ltr'>ex-</span> 
     </span>
     <span class='ocr_line' id='line_1_26' title="bbox 89 1466 1342 1520; baseline 0.002 -16"><span class='ocrx_word' id='word_1_164' title='bbox 89 1466 291 1520; x_wconf 84' lang='lat' dir='ltr'>aggeratis</span> <span class='ocrx_word' id='word_1_165' title='bbox 313 1468 644 1507; x_wconf 84' lang='lat' dir='ltr'>communionem</span> <span class='ocrx_word' id='word_1_166' title='bbox 665 1480 781 1506; x_wconf 87' lang='lat' dir='ltr'>suam</span> <span class='ocrx_word' id='word_1_167' title='bbox 804 1467 1082 1507; x_wconf 84' lang='lat' dir='ltr'>contaminare</span> <span class='ocrx_word' id='word_1_168' title='bbox 1103 1467 1342 1507; x_wconf 89' lang='lat' dir='ltr'>timuerunt.</span> 
     </span>
    </p>

    <p class='ocr_par' dir='ltr' id='par_1_5' title="bbox 88 1533 1632 1921">
     <span class='ocr_line' id='line_1_27' title="bbox 171 1533 1630 1589; baseline 0.001 -14"><span class='ocrx_word' id='word_1_169' title='bbox 171 1533 526 1588; x_wconf 85' lang='lat' dir='ltr'>Priscillianistae7</span> <span class='ocrx_word' id='word_1_170' title='bbox 543 1548 644 1589; x_wconf 86' lang='lat' dir='ltr'>quos</span> <span class='ocrx_word' id='word_1_171' title='bbox 661 1536 704 1575; x_wconf 93' lang='lat' dir='ltr'>in</span> <span class='ocrx_word' id='word_1_172' title='bbox 720 1535 924 1589; x_wconf 83' lang='lat' dir='ltr'>Hispania</span> <span class='ocrx_word' id='word_1_173' title='bbox 938 1534 1222 1576; x_wconf 87' lang='lat' dir='ltr'>Priscillianus</span> <span class='ocrx_word' id='word_1_174' title='bbox 1239 1537 1433 1589; x_wconf 78' lang='grc'>1031111111,</span> <span class='ocrx_word' id='word_1_175' title='bbox 1451 1536 1630 1576; x_wconf 76' lang='lat' dir='ltr'>maxime</span> 
     </span>
     <span class='ocr_line' id='line_1_28' title="bbox 91 1602 1630 1659; baseline -0.001 -14"><span class='ocrx_word' id='word_1_176' title='bbox 91 1602 380 1645; x_wconf 87' lang='lat' dir='ltr'>Gnosticorum</span> <span class='ocrx_word' id='word_1_177' title='bbox 401 1607 442 1644; x_wconf 91' lang='lat' dir='ltr'>et</span> <span class='ocrx_word' id='word_1_178' title='bbox 461 1603 795 1645; x_wconf 85' lang='lat' dir='ltr'>Manichaeorum</span> <span class='ocrx_word' id='word_1_179' title='bbox 813 1603 1002 1656; x_wconf 82' lang='lat' dir='ltr'>dogmata</span> <span class='ocrx_word' id='word_1_180' title='bbox 1017 1605 1221 1659; x_wconf 81' lang='lat' dir='ltr'>permixta</span> <span class='ocrx_word' id='word_1_181' title='bbox 1242 1608 1464 1657; x_wconf 72' lang='lat' dir='ltr'>sectantur,</span> <span class='ocrx_word' id='word_1_182' title='bbox 1487 1617 1630 1657; x_wconf 83' lang='lat' dir='ltr'>quam-</span> 
     </span>
     <span class='ocr_line' id='line_1_29' title="bbox 88 1671 1632 1726; baseline 0 -13"><span class='ocrx_word' id='word_1_183' title='bbox 88 1673 152 1713; x_wconf 91' lang='lat' dir='ltr'>vis</span> <span class='ocrx_word' id='word_1_184' title='bbox 178 1675 221 1713; x_wconf 89' lang='lat' dir='ltr'>et</span> <span class='ocrx_word' id='word_1_185' title='bbox 254 1685 305 1713; x_wconf 80' lang='lat' dir='ltr'>ex</span> <span class='ocrx_word' id='word_1_186' title='bbox 339 1671 430 1713; x_wconf 84' lang='lat' dir='ltr'>aliis</span> <span class='ocrx_word' id='word_1_187' title='bbox 459 1672 699 1713; x_wconf 87' lang='lat' dir='ltr'>haeresibus</span> <span class='ocrx_word' id='word_1_188' title='bbox 736 1672 801 1712; x_wconf 90' lang='lat' dir='ltr'>1in</span> <span class='ocrx_word' id='word_1_189' title='bbox 832 1685 901 1713; x_wconf 91' lang='lat' dir='ltr'>eos</span> <span class='ocrx_word' id='word_1_190' title='bbox 937 1672 1078 1713; x_wconf 83' lang='lat' dir='ltr'>sordes</span> <span class='ocrx_word' id='word_1_191' title='bbox 1116 1677 1311 1726; x_wconf 81' lang='lat' dir='ltr'>tanquam</span> <span class='ocrx_word' id='word_1_192' title='bbox 1346 1674 1389 1713; x_wconf 90' lang='lat' dir='ltr'>in</span> <span class='ocrx_word' id='word_1_193' title='bbox 1425 1674 1632 1714; x_wconf 85' lang='lat' dir='ltr'>sentinam</span> 
     </span>
     <span class='ocr_line' id='line_1_30' title="bbox 91 1739 1631 1797; baseline 0.001 -16"><span class='ocrx_word' id='word_1_194' title='bbox 91 1739 298 1796; x_wconf 85' lang='lat' dir='ltr'>quandam</span> <span class='ocrx_word' id='word_1_195' title='bbox 332 1739 521 1783; x_wconf 91' lang='lat' dir='ltr'>horribili</span> <span class='ocrx_word' id='word_1_196' title='bbox 559 1741 798 1782; x_wconf 87' lang='lat' dir='ltr'>confusione</span> <span class='ocrx_word' id='word_1_197' title='bbox 827 1740 1112 1782; x_wconf 86' lang='lat' dir='ltr'>confluxerint.</span> <span class='ocrx_word' id='word_1_198' title='bbox 1161 1741 1334 1797; x_wconf 85' lang='lat' dir='ltr'>Propter</span> <span class='ocrx_word' id='word_1_199' title='bbox 1365 1742 1631 1783; x_wconf 89' lang='lat' dir='ltr'>occultandas</span> 
     </span>
     <span class='ocr_line' id='line_1_31' title="bbox 91 1810 1630 1865; baseline 0.001 -15"><span class='ocrx_word' id='word_1_200' title='bbox 91 1813 228 1851; x_wconf 86' lang='lat' dir='ltr'>autem</span> <span class='ocrx_word' id='word_1_201' title='bbox 247 1811 617 1851; x_wconf 84' lang='lat' dir='ltr'>contaminationes</span> <span class='ocrx_word' id='word_1_202' title='bbox 639 1814 681 1850; x_wconf 92' lang='lat' dir='ltr'>et</span> <span class='ocrx_word' id='word_1_203' title='bbox 700 1810 978 1865; x_wconf 84' lang='lat' dir='ltr'>turpitudines</span> <span class='ocrx_word' id='word_1_204' title='bbox 1001 1824 1095 1852; x_wconf 86' lang='lat' dir='ltr'>suas</span> <span class='ocrx_word' id='word_1_205' title='bbox 1116 1810 1272 1851; x_wconf 88' lang='lat' dir='ltr'>habent</span> <span class='ocrx_word' id='word_1_206' title='bbox 1292 1812 1332 1852; x_wconf 89' lang='lat' dir='ltr'>in</span> <span class='ocrx_word' id='word_1_207' title='bbox 1356 1813 1440 1852; x_wconf 89' lang='lat' dir='ltr'>suis</span> <span class='ocrx_word' id='word_1_208' title='bbox 1463 1810 1630 1865; x_wconf 81' lang='lat' dir='ltr'>dogma-</span> 
     </span>
     <span class='ocr_line' id='line_1_32' title="bbox 90 1876 546 1921; baseline 0 -2"><span class='ocrx_word' id='word_1_209' title='bbox 90 1876 200 1921; x_wconf 84' lang='lat' dir='ltr'>tibus</span> <span class='ocrx_word' id='word_1_210' title='bbox 221 1881 262 1920; x_wconf 91' lang='lat' dir='ltr'>et</span> <span class='ocrx_word' id='word_1_211' title='bbox 281 1879 382 1921; x_wconf 87' lang='lat' dir='ltr'>haee</span> <span class='ocrx_word' id='word_1_212' title='bbox 402 1879 546 1921; x_wconf 82' lang='lat' dir='ltr'>verba:</span> 
     </span>
    </p>

    <p class='ocr_par' dir='ltr' id='par_1_6' title="bbox 357 1947 1251 2004">
     <span class='ocr_line' id='line_1_33' title="bbox 357 1947 1251 2004; baseline -0.001 -15"><span class='ocrx_word' id='word_1_213' title='bbox 357 1947 483 2001; x_wconf 76' lang='lat' dir='ltr'>Iura,</span> <span class='ocrx_word' id='word_1_214' title='bbox 504 1949 701 2004; x_wconf 67' lang='lat' dir='ltr'>periura,</span> <span class='ocrx_word' id='word_1_215' title='bbox 728 1956 926 1990; x_wconf 66' lang='lat' dir='ltr'>secretum</span> <span class='ocrx_word' id='word_1_216' title='bbox 945 1949 1127 2004; x_wconf 74' lang='lat' dir='ltr'>prodere</span> <span class='ocrx_word' id='word_1_217' title='bbox 1153 1949 1251 1990; x_wconf 72' lang='lat' dir='ltr'>noli.</span> 
     </span>
    </p>

    <p class='ocr_par' dir='ltr' id='par_1_7' title="bbox 90 2015 1635 2623">
     <span class='ocr_line' id='line_1_34' title="bbox 90 2015 1634 2072; baseline 0.001 -14"><span class='ocrx_word' id='word_1_218' title='bbox 90 2015 144 2058; x_wconf 88' lang='lat' dir='ltr'>Hi</span> <span class='ocrx_word' id='word_1_219' title='bbox 176 2017 335 2058; x_wconf 86' lang='lat' dir='ltr'>animas</span> <span class='ocrx_word' id='word_1_220' title='bbox 371 2016 514 2058; x_wconf 89' lang='lat' dir='ltr'>dicunt</span> <span class='ocrx_word' id='word_1_221' title='bbox 547 2016 733 2058; x_wconf 88' lang='lat' dir='ltr'>eiusdem</span> <span class='ocrx_word' id='word_1_222' title='bbox 762 2020 931 2057; x_wconf 86' lang='lat' dir='ltr'>naturae</span> <span class='ocrx_word' id='word_1_223' title='bbox 961 2021 1082 2071; x_wconf 84' lang='lat' dir='ltr'>atque</span> <span class='ocrx_word' id='word_1_224' title='bbox 1112 2016 1387 2072; x_wconf 77' lang='lat' dir='ltr'>substantiae,</span> <span class='ocrx_word' id='word_1_225' title='bbox 1426 2019 1542 2060; x_wconf 87' lang='lat' dir='ltr'>cuius</span> <span class='ocrx_word' id='word_1_226' title='bbox 1571 2022 1634 2060; x_wconf 86' lang='lat' dir='ltr'>est</span> 
     </span>
     <span class='ocr_line' id='line_1_35' title="bbox 93 2083 1633 2143; baseline -0.001 -15"><span class='ocrx_word' id='word_1_227' title='bbox 93 2083 208 2139; x_wconf 85' lang='grc'>(16113,</span> <span class='ocrx_word' id='word_1_228' title='bbox 227 2085 280 2127; x_wconf 82' lang='lat' dir='ltr'>acl</span> <span class='ocrx_word' id='word_1_229' title='bbox 303 2099 476 2139; x_wconf 88' lang='lat' dir='ltr'>agonem</span> <span class='ocrx_word' id='word_1_230' title='bbox 497 2085 704 2139; x_wconf 87' lang='lat' dir='ltr'>quendam</span> <span class='ocrx_word' id='word_1_231' title='bbox 726 2089 1000 2139; x_wconf 87' lang='lat' dir='ltr'>spontaneum</span> <span class='ocrx_word' id='word_1_232' title='bbox 1021 2088 1063 2126; x_wconf 92' lang='lat' dir='ltr'>in</span> <span class='ocrx_word' id='word_1_233' title='bbox 1086 2088 1205 2127; x_wconf 89' lang='lat' dir='ltr'>terris</span> <span class='ocrx_word' id='word_1_234' title='bbox 1236 2086 1533 2140; x_wconf 75' lang='lat' dir='ltr'>exercendum,</span> <span class='ocrx_word' id='word_1_235' title='bbox 1560 2102 1633 2143; x_wconf 87' lang='lat' dir='ltr'>per</span> 
     </span>
     <span class='ocr_line' id='line_1_36' title="bbox 93 2154 1632 2211; baseline 0.001 -16"><span class='ocrx_word' id='word_1_236' title='bbox 93 2158 250 2210; x_wconf 85' lang='lat' dir='ltr'>septem</span> <span class='ocrx_word' id='word_1_237' title='bbox 281 2154 437 2206; x_wconf 82' lang='lat' dir='ltr'>caelos,</span> <span class='ocrx_word' id='word_1_238' title='bbox 465 2158 505 2195; x_wconf 90' lang='lat' dir='ltr'>et</span> <span class='ocrx_word' id='word_1_239' title='bbox 532 2168 604 2209; x_wconf 89' lang='lat' dir='ltr'>per</span> <span class='ocrx_word' id='word_1_240' title='bbox 634 2154 832 2207; x_wconf 87' lang='lat' dir='ltr'>quosdam</span> <span class='ocrx_word' id='word_1_241' title='bbox 863 2154 1063 2208; x_wconf 82' lang='lat' dir='ltr'>gradatim</span> <span class='ocrx_word' id='word_1_242' title='bbox 1085 2155 1335 2196; x_wconf 84' lang='lat' dir='ltr'>descendere</span> <span class='ocrx_word' id='word_1_243' title='bbox 1364 2157 1632 2211; x_wconf 67' lang='lat' dir='ltr'>principatus,</span> 
     </span>
     <span class='ocr_line' id='line_1_37' title="bbox 93 2223 1633 2277; baseline 0.001 -13"><span class='ocrx_word' id='word_1_244' title='bbox 93 2225 134 2264; x_wconf 89' lang='lat' dir='ltr'>et</span> <span class='ocrx_word' id='word_1_245' title='bbox 157 2223 383 2276; x_wconf 85' lang='lat' dir='ltr'>malignum</span> <span class='ocrx_word' id='word_1_246' title='bbox 411 2224 640 2277; x_wconf 88' lang='lat' dir='ltr'>principem</span> <span class='ocrx_word' id='word_1_247' title='bbox 669 2224 897 2275; x_wconf 76' lang='lat' dir='ltr'>incurrere,</span> <span class='ocrx_word' id='word_1_248' title='bbox 933 2237 956 2263; x_wconf 85' lang='lat' dir='ltr'>a</span> <span class='ocrx_word' id='word_1_249' title='bbox 991 2237 1068 2277; x_wconf 91' lang='lat' dir='ltr'>quo</span> <span class='ocrx_word' id='word_1_250' title='bbox 1097 2225 1223 2265; x_wconf 88' lang='lat' dir='ltr'>istum</span> <span class='ocrx_word' id='word_1_251' title='bbox 1251 2224 1450 2265; x_wconf 89' lang='lat' dir='ltr'>mundum</span> <span class='ocrx_word' id='word_1_252' title='bbox 1479 2225 1633 2266; x_wconf 81' lang='lat' dir='ltr'>factum</span> 
     </span>
     <span class='ocr_line' id='line_1_38' title="bbox 91 2291 1631 2348; baseline 0.001 -15"><span class='ocrx_word' id='word_1_253' title='bbox 91 2291 236 2334; x_wconf 84' lang='lat' dir='ltr'>volunt</span> <span class='ocrx_word' id='word_1_254' title='bbox 256 2296 378 2346; x_wconf 87' lang='lat' dir='ltr'>atque</span> <span class='ocrx_word' id='word_1_255' title='bbox 401 2291 452 2332; x_wconf 88' lang='lat' dir='ltr'>ab</span> <span class='ocrx_word' id='word_1_256' title='bbox 473 2291 549 2332; x_wconf 92' lang='lat' dir='ltr'>hoc</span> <span class='ocrx_word' id='word_1_257' title='bbox 572 2292 757 2346; x_wconf 85' lang='lat' dir='ltr'>principe</span> <span class='ocrx_word' id='word_1_258' title='bbox 789 2305 861 2346; x_wconf 85' lang='lat' dir='ltr'>per</span> <span class='ocrx_word' id='word_1_259' title='bbox 882 2292 1044 2333; x_wconf 73' lang='lat' dir='ltr'>diversa,</span> <span class='ocrx_word' id='word_1_260' title='bbox 1073 2294 1206 2333; x_wconf 84' lang='lat' dir='ltr'>carnis</span> <span class='ocrx_word' id='word_1_261' title='bbox 1230 2308 1399 2348; x_wconf 86' lang='lat' dir='ltr'>corpora</span> <span class='ocrx_word' id='word_1_262' title='bbox 1426 2295 1631 2334; x_wconf 85' lang='lat' dir='ltr'>seminari.</span> 
     </span>
     <span class='ocr_line' id='line_1_39' title="bbox 91 2359 1632 2417; baseline 0.001 -15"><span class='ocrx_word' id='word_1_263' title='bbox 91 2359 294 2402; x_wconf 88' lang='lat' dir='ltr'>Astruunt</span> <span class='ocrx_word' id='word_1_264' title='bbox 315 2361 439 2401; x_wconf 87' lang='lat' dir='ltr'>etiam</span> <span class='ocrx_word' id='word_1_265' title='bbox 460 2360 654 2401; x_wconf 81' lang='lat' dir='ltr'>fatalibus</span> <span class='ocrx_word' id='word_1_266' title='bbox 677 2359 808 2400; x_wconf 85' lang='lat' dir='ltr'>stellis</span> <span class='ocrx_word' id='word_1_267' title='bbox 829 2360 1017 2401; x_wconf 87' lang='lat' dir='ltr'>homines</span> <span class='ocrx_word' id='word_1_268' title='bbox 1045 2361 1277 2414; x_wconf 73' lang='lat' dir='ltr'>colligatos⁷</span> <span class='ocrx_word' id='word_1_269' title='bbox 1305 2363 1521 2417; x_wconf 87' lang='lat' dir='ltr'>ipsumque</span> <span class='ocrx_word' id='word_1_270' title='bbox 1544 2377 1632 2403; x_wconf 88' lang='lat' dir='ltr'>cor-</span> 
     </span>
     <span class='ocr_line' id='line_1_40' title="bbox 91 2428 1635 2484; baseline -0.001 -13"><span class='ocrx_word' id='word_1_271' title='bbox 91 2442 169 2484; x_wconf 87' lang='lat' dir='ltr'>pus</span> <span class='ocrx_word' id='word_1_272' title='bbox 184 2432 372 2470; x_wconf 89' lang='lat' dir='ltr'>nostrum</span> <span class='ocrx_word' id='word_1_273' title='bbox 390 2428 616 2469; x_wconf 88' lang='lat' dir='ltr'>secundum</span> <span class='ocrx_word' id='word_1_274' title='bbox 635 2428 851 2470; x_wconf 87' lang='lat' dir='ltr'>duodecim</span> <span class='ocrx_word' id='word_1_275' title='bbox 868 2431 984 2481; x_wconf 71' lang='lat' dir='ltr'>signa</span> <span class='ocrx_word' id='word_1_276' title='bbox 996 2429 1095 2470; x_wconf 89' lang='lat' dir='ltr'>caeli</span> <span class='ocrx_word' id='word_1_277' title='bbox 1115 2444 1204 2470; x_wconf 85' lang='lat' dir='ltr'>esse</span> <span class='ocrx_word' id='word_1_278' title='bbox 1223 2432 1510 2484; x_wconf 73' lang='lat' dir='ltr'>compositum,</span> <span class='ocrx_word' id='word_1_279' title='bbox 1528 2433 1635 2472; x_wconf 79' lang='lat' dir='ltr'>sicut</span> 
     </span>
     <span class='ocr_line' id='line_1_41' title="bbox 93 2496 1632 2553; baseline 0.001 -15"><span class='ocrx_word' id='word_1_280' title='bbox 93 2496 134 2538; x_wconf 89' lang='lat' dir='ltr'>hi</span> <span class='ocrx_word' id='word_1_281' title='bbox 150 2498 221 2552; x_wconf 91' lang='lat' dir='ltr'>qui</span> <span class='ocrx_word' id='word_1_282' title='bbox 240 2497 520 2538; x_wconf 83' lang='lat' dir='ltr'>mathematici</span> <span class='ocrx_word' id='word_1_283' title='bbox 541 2496 660 2550; x_wconf 73' lang='lat' dir='ltr'>vulgo</span> <span class='ocrx_word' id='word_1_284' title='bbox 683 2497 954 2551; x_wconf 70' lang='lat' dir='ltr'>appellantur,</span> <span class='ocrx_word' id='word_1_285' title='bbox 983 2500 1280 2539; x_wconf 81' lang='lat' dir='ltr'>constituentes</span> <span class='ocrx_word' id='word_1_286' title='bbox 1309 2501 1348 2538; x_wconf 90' lang='lat' dir='ltr'>in</span> <span class='ocrx_word' id='word_1_287' title='bbox 1373 2501 1505 2553; x_wconf 85' lang='lat' dir='ltr'>eapite</span> <span class='ocrx_word' id='word_1_288' title='bbox 1528 2501 1632 2540; x_wconf 89' lang='lat' dir='ltr'>arie-</span> 
     </span>
     <span class='ocr_line' id='line_1_42' title="bbox 92 2567 1633 2623; baseline 0.001 -17"><span class='ocrx_word' id='word_1_289' title='bbox 92 2568 190 2619; x_wconf 85' lang='lat' dir='ltr'>tem,</span> <span class='ocrx_word' id='word_1_290' title='bbox 210 2570 373 2607; x_wconf 88' lang='lat' dir='ltr'>taurum</span> <span class='ocrx_word' id='word_1_291' title='bbox 394 2567 437 2607; x_wconf 92' lang='lat' dir='ltr'>in</span> <span class='ocrx_word' id='word_1_292' title='bbox 459 2567 637 2617; x_wconf 73' lang='lat' dir='ltr'>cervice7</span> <span class='ocrx_word' id='word_1_293' title='bbox 664 2567 847 2618; x_wconf 80' lang='lat' dir='ltr'>geminos</span> <span class='ocrx_word' id='word_1_294' title='bbox 869 2568 911 2607; x_wconf 90' lang='lat' dir='ltr'>in</span> <span class='ocrx_word' id='word_1_295' title='bbox 933 2567 1135 2619; x_wconf 80' lang='lat' dir='ltr'>humeris,</span> <span class='ocrx_word' id='word_1_296' title='bbox 1166 2581 1359 2608; x_wconf 85' lang='lat' dir='ltr'>cancrum</span> <span class='ocrx_word' id='word_1_297' title='bbox 1381 2569 1423 2607; x_wconf 88' lang='lat' dir='ltr'>in</span> <span class='ocrx_word' id='word_1_298' title='bbox 1454 2573 1633 2623; x_wconf 72' lang='lat' dir='ltr'>pectore,</span> 
     </span>
    </p>
   </div>
   <div class='ocr_carea' id='block_1_5' title="bbox 54 2635 1632 2691">
    <p class='ocr_par' dir='ltr' id='par_1_8' title="bbox 54 2635 1632 2691">
     <span class='ocr_line' id='line_1_43' title="bbox 54 2635 1632 2691; baseline 0 -15"><span class='ocrx_word' id='word_1_299' title='bbox 54 2670 55 2676; x_wconf 71' lang='grc'>,</span> <span class='ocrx_word' id='word_1_300' title='bbox 94 2637 135 2674; x_wconf 83' lang='grc'>61</span> <span class='ocrx_word' id='word_1_301' title='bbox 158 2637 296 2676; x_wconf 85' lang='lat' dir='ltr'>cetera</span> <span class='ocrx_word' id='word_1_302' title='bbox 322 2636 566 2676; x_wconf 88' lang='lat' dir='ltr'>nominatim</span> <span class='ocrx_word' id='word_1_303' title='bbox 595 2636 711 2687; x_wconf 77' lang='lat' dir='ltr'>signa</span> <span class='ocrx_word' id='word_1_304' title='bbox 739 2640 1022 2689; x_wconf 84' lang='lat' dir='ltr'>percurrentes</span> <span class='ocrx_word' id='word_1_305' title='bbox 1052 2636 1103 2676; x_wconf 85' lang='lat' dir='ltr'>ad</span> <span class='ocrx_word' id='word_1_306' title='bbox 1134 2635 1296 2690; x_wconf 86' lang='lat' dir='ltr'>plantas</span> <span class='ocrx_word' id='word_1_307' title='bbox 1330 2649 1457 2689; x_wconf 84' lang='lat' dir='ltr'>usque</span> <span class='ocrx_word' id='word_1_308' title='bbox 1487 2650 1632 2691; x_wconf 88' lang='lat' dir='ltr'>perve-</span> 
     </span>
    </p>
   </div>
   <div class='ocr_carea' id='block_1_6' title="bbox 93 2702 1633 2965">
    <p class='ocr_par' dir='ltr' id='par_1_9' title="bbox 93 2702 1633 2965">
     <span class='ocr_line' id='line_1_44' title="bbox 94 2702 1633 2758; baseline 0.001 -16"><span class='ocrx_word' id='word_1_309' title='bbox 94 2703 226 2755; x_wconf 81' lang='lat' dir='ltr'>niunt,</span> <span class='ocrx_word' id='word_1_310' title='bbox 247 2716 347 2756; x_wconf 86' lang='lat' dir='ltr'>quas</span> <span class='ocrx_word' id='word_1_311' title='bbox 368 2703 553 2758; x_wconf 87' lang='lat' dir='ltr'>piscibus</span> <span class='ocrx_word' id='word_1_312' title='bbox 576 2702 774 2755; x_wconf 75' lang='lat' dir='ltr'>tribuunt,</span> <span class='ocrx_word' id='word_1_313' title='bbox 803 2703 909 2756; x_wconf 91' lang='lat' dir='ltr'>quod</span> <span class='ocrx_word' id='word_1_314' title='bbox 932 2704 1121 2745; x_wconf 87' lang='lat' dir='ltr'>ultimum</span> <span class='ocrx_word' id='word_1_315' title='bbox 1145 2706 1308 2757; x_wconf 73' lang='lat' dir='ltr'>signum</span> <span class='ocrx_word' id='word_1_316' title='bbox 1335 2704 1386 2744; x_wconf 87' lang='lat' dir='ltr'>ab</span> <span class='ocrx_word' id='word_1_317' title='bbox 1419 2704 1633 2758; x_wconf 77' lang='lat' dir='ltr'>astrologis</span> 
     </span>
     <span class='ocr_line' id='line_1_45' title="bbox 93 2770 1630 2827; baseline 0.001 -16"><span class='ocrx_word' id='word_1_318' title='bbox 93 2775 365 2826; x_wconf 89' lang='lat' dir='ltr'>nuncupatur.</span> <span class='ocrx_word' id='word_1_319' title='bbox 400 2771 525 2814; x_wconf 59' lang='lat' dir='ltr'>&gt;Haec</span> <span class='ocrx_word' id='word_1_320' title='bbox 547 2776 586 2811; x_wconf 91' lang='lat' dir='ltr'>et</span> <span class='ocrx_word' id='word_1_321' title='bbox 607 2770 687 2812; x_wconf 85' lang='lat' dir='ltr'>alia</span> <span class='ocrx_word' id='word_1_322' title='bbox 706 2771 905 2825; x_wconf 72' lang='lat' dir='ltr'>fabulosa,</span> <span class='ocrx_word' id='word_1_323' title='bbox 926 2786 1046 2826; x_wconf 82' lang='lat' dir='ltr'>vana,</span> <span class='ocrx_word' id='word_1_324' title='bbox 1076 2772 1286 2826; x_wconf 76' lang='lat' dir='ltr'>sacrilega,</span> <span class='ocrx_word' id='word_1_325' title='bbox 1318 2786 1420 2826; x_wconf 86' lang='lat' dir='ltr'>quae</span> <span class='ocrx_word' id='word_1_326' title='bbox 1442 2775 1630 2827; x_wconf 77' lang='lat' dir='ltr'>persequi</span> 
     </span>
     <span class='ocr_line' id='line_1_46' title="bbox 97 2837 1632 2895; baseline 0.001 -16"><span class='ocrx_word' id='word_1_327' title='bbox 97 2837 261 2894; x_wconf 87' lang='lat' dir='ltr'>longum</span> <span class='ocrx_word' id='word_1_328' title='bbox 289 2843 373 2893; x_wconf 82' lang='lat' dir='ltr'>est,</span> <span class='ocrx_word' id='word_1_329' title='bbox 411 2840 593 2882; x_wconf 86' lang='lat' dir='ltr'>haeresis</span> <span class='ocrx_word' id='word_1_330' title='bbox 625 2841 705 2881; x_wconf 84' lang='lat' dir='ltr'>ista</span> <span class='ocrx_word' id='word_1_331' title='bbox 735 2842 928 2881; x_wconf 79' lang='lat' dir='ltr'>contexit.</span> <span class='ocrx_word' id='word_1_332' title='bbox 979 2840 1133 2882; x_wconf 87' lang='lat' dir='ltr'>Carnes</span> <span class='ocrx_word' id='word_1_333' title='bbox 1170 2845 1363 2895; x_wconf 81' lang='lat' dir='ltr'>tanquam</span> <span class='ocrx_word' id='word_1_334' title='bbox 1400 2840 1632 2882; x_wconf 79' lang='lat' dir='ltr'>immundas</span> 
     </span>
     <span class='ocr_line' id='line_1_47' title="bbox 97 2907 1631 2965; baseline 0.003 -18"><span class='ocrx_word' id='word_1_335' title='bbox 97 2919 211 2949; x_wconf 85' lang='lat' dir='ltr'>escas</span> <span class='ocrx_word' id='word_1_336' title='bbox 231 2909 357 2950; x_wconf 86' lang='lat' dir='ltr'>etiam</span> <span class='ocrx_word' id='word_1_337' title='bbox 375 2909 468 2964; x_wconf 89' lang='lat' dir='ltr'>ipsa</span> <span class='ocrx_word' id='word_1_338' title='bbox 488 2908 662 2958; x_wconf 77' lang='lat' dir='ltr'>devitat:</span> <span class='ocrx_word' id='word_1_339' title='bbox 685 2910 890 2963; x_wconf 78' lang='lat' dir='ltr'>coniuges,</span> <span class='ocrx_word' id='word_1_340' title='bbox 911 2909 1060 2964; x_wconf 86' lang='lat' dir='ltr'>quibus</span> <span class='ocrx_word' id='word_1_341' title='bbox 1082 2907 1158 2951; x_wconf 89' lang='lat' dir='ltr'>hoc</span> <span class='ocrx_word' id='word_1_342' title='bbox 1175 2910 1327 2952; x_wconf 87' lang='lat' dir='ltr'>malum</span> <span class='ocrx_word' id='word_1_343' title='bbox 1346 2911 1523 2964; x_wconf 85' lang='lat' dir='ltr'>potuerit</span> <span class='ocrx_word' id='word_1_344' title='bbox 1538 2924 1631 2965; x_wconf 88' lang='lat' dir='ltr'>per-</span> 
     </span>
    </p>
   </div>
   <div class='ocr_carea' id='block_1_7' title="bbox 186 3052 1347 3100">
    <p class='ocr_par' dir='ltr' id='par_1_10' title="bbox 186 3052 1347 3100">
     <span class='ocr_line' id='line_1_48' title="bbox 186 3052 1347 3100; baseline 0.002 -12"><span class='ocrx_word' id='word_1_345' title='bbox 186 3052 267 3099; x_wconf 85' lang='lat' dir='ltr'>Gap.</span> <span class='ocrx_word' id='word_1_346' title='bbox 285 3053 394 3090; x_wconf 84' lang='lat' dir='ltr'>LXX.</span> <span class='ocrx_word' id='word_1_347' title='bbox 411 3076 454 3082; x_wconf 92' lang='lat'><strong>—</strong></span> <span class='ocrx_word' id='word_1_348' title='bbox 481 3057 509 3091; x_wconf 90' lang='lat'>1.</span> <span class='ocrx_word' id='word_1_349' title='bbox 527 3056 606 3089; x_wconf 65' lang='lat' dir='ltr'>Sola</span> <span class='ocrx_word' id='word_1_350' title='bbox 626 3056 726 3090; x_wconf 81' lang='lat' dir='ltr'>editio</span> <span class='ocrx_word' id='word_1_351' title='bbox 743 3055 871 3090; x_wconf 71' lang='lat' dir='ltr'>Lot-an.</span> <span class='ocrx_word' id='word_1_352' title='bbox 889 3056 923 3090; x_wconf 84' lang='lat' dir='ltr'>in</span> <span class='ocrx_word' id='word_1_353' title='bbox 941 3067 997 3090; x_wconf 85' lang='lat' dir='ltr'>eas</span> <span class='ocrx_word' id='word_1_354' title='bbox 1016 3055 1143 3090; x_wconf 85' lang='lat' dir='ltr'>sordes.</span> <span class='ocrx_word' id='word_1_355' title='bbox 1192 3056 1347 3100; x_wconf 54' lang='lat' dir='ltr'>(Beneda</span> 
     </span>
    </p>
   </div>
   <div class='ocr_carea' id='block_1_8' title="bbox 1657 1551 1824 1585">
    <p class='ocr_par' dir='ltr' id='par_1_11' title="bbox 1657 1551 1824 1585">
     <span class='ocr_line' id='line_1_49' title="bbox 1657 1551 1824 1585; baseline -0.006 -8"><span class='ocrx_word' id='word_1_356' title='bbox 1657 1553 1723 1585; x_wconf 71' lang='lat' dir='ltr'>Cap.</span> <span class='ocrx_word' id='word_1_357' title='bbox 1744 1551 1824 1577; x_wconf 74' lang='lat' dir='ltr'>Lxx.</span> 
     </span>
    </p>
   </div>
  </div>
 </body>
</html>
