2052 3342
117 419 193 451 (Tap.
216 419 336 450 XXXV.)

101 976 178 1006 (Cap.
199 975 334 1006 xxxvi.)

94 1945 171 1977 (Cap.
191 1944 338 1975 XXXVII.)

80 2230 127 2263 (ca
131 2238 156 2262 p.
175 2227 338 2260 xxxvm.)

362 195 442 236 344
898 192 1078 217 GENNADH
1099 192 1348 218 MASSILIENSIS

362 297 372 315 ⁴
386 296 417 328 in
436 295 670 328 remissionem
687 298 905 338 peccatorum
922 294 1085 327 veraciter
1102 294 1332 339 baptizantur,
1358 298 1391 327 ut
1408 295 1443 328 in
1459 295 1508 328 eis
1526 296 1782 341 regeneratione
1799 306 1897 329 mun-

363 353 458 384 detur
476 351 564 395 quod
582 351 800 394 generatione
818 356 1005 384 traxerunt.

451 407 545 448 Quod
564 407 609 440 ait
627 412 764 440 sanctus
784 407 971 440 ¹Iohannes
990 408 1182 452 apostolus,
1206 407 1245 439 Si
1269 409 1448 439 dixerimus
1464 410 1541 451 quia
1561 415 1739 452 peecatum
1756 420 1820 441 non
1838 408 1897 440 Ιια-

362 467 485 503 Ιινηιιικ,
506 477 561 495 uos
580 467 669 508 ipsu-s·
685 466 887 500 8¹·‹ltlr'1'mus,
914 470 944 495 cs!
962 466 1087 496 veritus
1105 467 1136 495 in
1156 464 1246 495 uobis
1265 477 1324 495 mm
1344 470 1407 496 est:
1425 464 1579 508 quisquis
1596 465 1645 498 sic
1663 464 1898 510 accipiendum

363 521 545 566 putaverit,
570 525 606 554 ut
624 520 709 553 dicat
730 524 864 565 propter
881 519 1108 553 humilitatem
1128 532 1194 554 non
1213 524 1368 565 oportere
1392 520 1457 553 dici
1475 532 1535 553 nos
1552 532 1621 554 non
1636 520 1762 555 habere
1778 532 1898 566 pecca-

362 584 444 616 tum,
462 588 531 610 non
549 578 629 622 quia
647 578 746 610 ‘¹'vere
764 578 809 610 ita
829 581 889 618 est,
908 576 1089 610 anatliema
1106 577 1161 611 sit.
1199 577 1359 621 Sequitur
1377 577 1466 610 enim
1485 577 1659 622 apostolus
1677 581 1709 611 et
1726 578 1896 622 adiungit:

359 637 397 666 δι’
415 641 521 666 «annm
541 622 859 678 ιἰιιψὶ·.ρςι“]”ιιι,ἰ·ιίιιιω·
872 640 1017 678 pec-cnm
1038 640 1168 673 nostra,
1188 634 1302 678 fideli-s·
1320 639 1367 665 est
1383 639 1415 665 et
1430 636 1550 674 ius-tus,
1574 636 1630 677 qui
1645 637 1794 667 remittat
1808 635 1900 667 nobis

358 697 514 735 percum,
533 698 562 723 e!
580 693 710 723 mundet
727 704 783 723 nos
797 691 838 723 ab
856 693 943 722 ‹1111111'
961 693 1143 735 iniquilate.
1184 690 1248 723 Ubi
1265 690 1348 723 satis
1366 693 1506 734 apparet
1522 689 1586 723 hoo
1603 701 1671 724 uon
1686 694 1820 724 tantum
1838 690 1897 724 hu-

361 748 499 787 militer,
525 748 582 780 sed
608 747 708 780 etiam
732 747 897 780 veraciter
921 747 996 781 dici.
1038 747 1172 780 Poterat
1195 746 1286 779 enim
1309 746 1482 791 apostolus
1506 746 1634 788 dicere,
1658 746 1696 780 Si
1712 747 1898 780 dixerimus

361 804 463 848 ³quia
481 816 546 837 non
566 803 731 837 habemus
750 808 945 849 peccatum,
970 816 1031 837 nos
1051 804 1143 848 ipsos
1157 804 1371 844 extollimus,
1396 807 1428 836 et
1451 802 1625 836 humilitas
1648 803 1683 836 in
1705 804 1805 838 nobis
1829 815 1897 837 non

360 867 420 895 est.
461 861 527 894 Sed
545 872 621 893 cum
641 861 702 900 ait,
731 861 799 893 Nux
818 864 905 905 ipsos
923 862 1121 904 ‹lm-iln'nzus,
1147 866 1178 892 et
1195 863 1319 892 ret-iens
1335 862 1369 891 *in
1387 860 1479 892 nobi-s
1497 872 1556 892 ηοη
1575 865 1631 899 est,
1649 860 1732 893 satis
1751 860 1898 894 ostendit

360 929 449 958 eum,
467 918 523 961 qui
541 918 665 951 dixerit
682 928 716 950 se
735 929 802 950 non
820 916 943 950 habere
961 921 1147 961 peccatum,
1166 928 1232 949 non
1251 927 1368 949 verum
1386 915 1490 960 loqui,
1507 915 1566 949 sed
1582 915 1719 951 falsum.

449 974 650 1018 Quicunque
674 975 795 1007 dixerit
822 975 854 1007 in
880 975 1032 1007 oratione
1057 973 1224 1006 dominica
1250 972 1324 1005 ideo
1342 972 1451 1005 dicere
1469 976 1625 1014 sanctos,
1653 973 1789 1006 Dimitte
1807 974 1898 1007 nobis

362 1032 471 1063 dehita
492 1037 618 1071 nostra,
639 1035 671 1063 ut
692 1043 758 1063 non
778 1043 836 1075 pro
855 1031 974 1076 seipsis
993 1029 1054 1063 hoc
1073 1030 1202 1070 dicant,
1222 1029 1301 1073 quia
1319 1040 1386 1061 non
1404 1033 1455 1062 est
1472 1029 1520 1062 eis
1537 1029 1605 1063 iam
1622 1030 1815 1064 necessaria
1832 1030 1898 1063 ista

361 1088 490 1133 petitio,
509 1088 565 1121 sed
584 1099 644 1132 pro
663 1088 736 1120 aliis
756 1088 814 1131 qui
832 1092 909 1120 sunt
928 1088 961 1120 in
979 1099 1038 1119 suo
1058 1087 1184 1131 populo
1202 1090 1408 1131 peccatores,
1427 1089 1458 1118 et
1476 1085 1551 1118 ideo
1568 1096 1637 1118 non
1651 1086 1761 1120 dicere
1775 1097 1897 1120 unum-

361 1156 530 1189 quemque
545 1149 752 1183 sanctorum,
773 1144 908 1177 Dimitte
928 1143 1008 1176 mihi
1027 1143 1140 1176 debita
1159 1154 1244 1183 mea,
1262 1142 1332 1183 sed,
1350 1142 1490 1175 Dimitte
1508 1142 1607 1175 nobis
1628 1142 1755 1176 ¹debita
1772 1147 1898 1185 nostra,

363 1207 394 1235 nt
414 1201 477 1235 hoc
495 1213 555 1246 pro
574 1201 648 1234 aliis
667 1201 779 1245 potius
798 1212 900 1245 quain
918 1211 977 1244 pro
995 1211 1030 1233 se
1048 1200 1156 1232 iustus
1171 1203 1284 1244 petere
1297 1199 1518 1243 intelligatur,
1537 1198 1719 1233 anathema
1732 1200 1786 1235 sit.
1813 1200 1898 1234 San-

366 1264 439 1292 ctus
458 1260 548 1292 enim
566 1263 599 1291 et
616 1258 727 1290 iustus
745 1262 814 1290 erat
834 1258 1008 1301 apostolus
1026 1256 1179 1296 lacobus,
1198 1267 1274 1289 cum
1293 1255 1435 1296 dicebat,
1454 1256 1467 1276 2
1479 1255 1517 1287 In
1535 1257 1644 1288 multis
1661 1258 1744 1288 enim
1761 1259 1898 1301 offendi—

361 1328 430 1347 mus
447 1328 564 1348 omns-su
598 1314 684 1347 Nam
702 1325 806 1359 quare
825 1314 976 1347 additum
995 1318 1044 1347 est
1064 1314 1205 1354 Omnes,
1228 1313 1294 1345 nisi
1314 1316 1348 1345 ut
1365 1313 1430 1345 ista
1446 1312 1615 1345 sententia
1631 1313 1828 1347 conveniret
1844 1313 1900 1347 ³et

362 1373 504 1418 psalmo,
524 1373 581 1405 ubi
599 1372 737 1416 legitur:
757 1371 810 1404 Ne
829 1374 930 1403 intrvs
947 1373 978 1403 iu
999 1373 1153 1404 indit-ium
1174 1383 1242 1402 eum
1261 1382 1354 1402 servo
1373 1375 1435 1410 tuo,
1453 1371 1606 1413 ‹Juom'am
1624 1381 1686 1402 non
1702 1371 1898 1414 iccstesficabl-

362 1437 414 1462 lm·
433 1432 463 1461 in
483 1435 657 1473 conspecta
677 1435 728 1460 tm,
747 1431 849 1461 muni-s*
868 1430 999 1460 rie-ens?
1022 1428 1061 1461 Et
1080 1428 1114 1460 ill
1133 1427 1284 1460 oratione
1302 1425 1547 1471 sapientissimi
1564 1425 1796 1460 4Salomonis:
1820 1427 1899 1460 ᾹόΙι

362 1493 410 1520 est
425 1486 516 1518 houm
534 1488 590 1530 qni
607 1498 666 1517 nou
684 1492 808 1529 per-cel.
847 1485 887 1517 Et
906 1486 940 1518 iu
958 1485 1043 1518 libro
1061 1485 1171 1517 sancti
1190 1484 1288 1517 ⁵Iob:
1325 1484 1365 1515 In
1382 1495 1480 1516 malm
1499 1485 1602 1515 omnis
1618 1482 1758 1516 hominis
1774 1486 1897 1527 siynat,

362 1550 394 1575 ut
411 1545 500 1575 sciat
515 1545 618 1575 manis
635 1542 726 1574 Immo
745 1545 967 1586 infirmitatem
984 1554 1088 1575 snam.
1117 1540 1210 1574 Unde
1229 1541 1330 1574 etiam
1347 1539 1467 1574 Daniel
1484 1542 1622 1572 sanctus
1637 1542 1670 1572 et
1682 1539 1803 1582 iustus,
1819 1551 1899 1574 cum

362 1601 395 1633 in
414 1600 566 1633 oratione
583 1599 758 1643 pluraliter
776 1599 915 1631 diceret:
934 1598 1186 1637 ⁶P‹.¹c‹.·m·i111z1.s·,
1212 1599 1416 1642 iuiqaitatern
1426 1598 1589 1640 fecimus,
1607 1599 1641 1629 et
1657 1599 1786 1638 cetera,
1811 1608 1899 1642 quae

361 1658 407 1691 ibi
427 1657 438 1678 ⁷
450 1657 614 1690 veraciter
631 1661 663 1689 et
682 1655 851 1689 humiliter
868 1655 1064 1695 confitetur,
1088 1666 1129 1688 ne
1146 1658 1338 1699 putaretur,
1364 1652 1650 1698 quemadmodum
1667 1653 1804 1698 quidam
1822 1665 1898 1688 sen-

363 1715 459 1755 tiunt,
476 1713 539 1747 hoc
559 1725 626 1746 non
645 1713 684 1746 de
702 1713 784 1753 suis,
803 1712 861 1745 sed
879 1712 918 1745 de
936 1712 1052 1756 populi
1070 1712 1123 1745 sui
1137 1712 1266 1744 dixisse
1279 1711 1440 1756 peccatis,
1457 1713 1577 1755 postea
1590 1709 1686 1751 dixit,
1705 1710 1807 1743 ⁸0an
1820 1723 1897 1744 ora-

364 1784 428 1803 rem
444 1777 475 1803 et
487 1772 660 1815 confiterer
671 1775 817 1813 pec-cata
837 1781 906 1801 masa
926 1775 957 1800 et
968 1775 1114 1812 peccata
1128 1769 1247 1812 popula·
1261 1770 1323 1800 mei
1340 1768 1467 1800 domino
1486 1768 1545 1800 deo
1562 1779 1649 1800 meo.-
1665 1767 1776 1801 noluit
1787 1767 1897 1801 dicere

362 1828 504 1861 Peccata
521 1831 652 1867 nostra,
677 1827 734 1859 sed
757 1826 875 1870 populi
900 1826 952 1858 sui
975 1825 1060 1858 <lixit
1082 1830 1113 1858 et
1137 1836 1215 1866 sua,
1241 1824 1343 1869 ⁰quia
1366 1823 1498 1857 futuros
1523 1823 1623 1866 istos,
1647 1824 1706 1869 qui
1721 1827 1793 1858 tam
1808 1825 1898 1858 male

367 1885 609 1928 ¹⁰intelligunt,
626 1891 789 1927 tanquam
809 1882 971 1927 propheta
987 1882 1162 1927 praevidit.

453 1941 651 1984 Quicunque
669 1941 742 1984 ipsa
760 1940 862 1972 verba
880 1939 1067 1973 dominicae
1085 1939 1247 1972 orationis
1265 1938 1322 1972 ubi
1339 1938 1500 1971 dicimus:
1520 1938 1659 1971 Dimitte
1675 1939 1768 1972 nobis
1785 1939 1896 1972 debila

365 2004 488 2038 nostru,
505 1998 552 2030 ita
569 1997 686 2030 volunt
701 2008 719 2029 a
733 1997 858 2029 sanctis
873 1996 948 2038 dici,
967 2000 1001 2029 ut
1018 1995 1198 2037 humiliter,
1216 2007 1283 2029 non
1301 1995 1464 2028 veraciter
1480 1993 1543 2029 hoc
1562 1995 1702 2037 dicatur,
1719 1995 1899 2030 anathema

364 2055 416 2089 sit.
454 2054 535 2094 Quis
553 2053 644 2087 enim
660 2053 747 2086 ferat
763 2057 934 2095 orantem,
960 2054 1011 2086 1et
1028 2064 1097 2086 non
1113 2052 1327 2094 hominibus,
1351 2051 1411 2085 sed
1427 2052 1493 2096 ipsi
1509 2051 1646 2085 domino
1663 2051 1896 2094 mentientem,

364 2112 422 2156 qui
437 2111 537 2145 labiis
556 2111 620 2144 sibi
637 2110 717 2144 dicit
734 2110 857 2143 dimitti
873 2111 975 2152 velle,
999 2114 1031 2144 et
1056 2109 1155 2144 eorde
1178 2109 1261 2143 dicit
1284 2120 1370 2154 quae
1387 2109 1452 2143 sibi
1469 2108 1681 2143 dimittentur
1697 2108 1811 2142 debita
1827 2121 1895 2143 non

362 2168 508 2202 habere?

453 2224 491 2258 Si
509 2224 583 2268 quis
600 2236 660 2269 per
679 2223 845 2257 offensam
861 2223 1161 2269 praevaricationis
1178 2223 1271 2258 Adae
1287 2235 1357 2257 non
1373 2226 1495 2267 totum,
1512 2223 1546 2256 id
1559 2225 1611 2256 est
1622 2222 1811 2256 secundum
1823 2234 1896 2257 eor-

364 2293 426 2327 pus
444 2284 477 2315 et
492 2281 658 2323 animam,
682 2281 717 2314 in
740 2281 885 2314 deterius
910 2280 991 2313 dicit
1013 2280 1188 2315 hominem
1212 2284 1478 2321 commutatum,
1501 2279 1560 2313 sed
1585 2279 1719 2313 animae
1739 2279 1896 2314 libertate

363 2339 482 2372 illaesa
498 2337 639 2371 durante
657 2343 781 2382 corpus¹
796 2337 1032 2371 tantummodo
1050 2338 1258 2383 corruptioni
1274 2337 1379 2371 credit
1403 2337 1607 2378 obnoxium,
1629 2336 1761 2382 Pelagii
1783 2347 1894 2371 errore

365 2396 524 2441 deceptus
541 2394 739 2429 adversatur
756 2394 941 2439 scripturae
955 2394 1097 2436 dicenti,
1124 2395 1134 2415 ¹
1145 2395 1271 2428 Anima
1289 2406 1372 2440 quae
1388 2396 1604 2439 pecc-averit,
1627 2395 1704 2438 ipsa
1720 2396 1894 2428 morietur.-

452 2509 484 2543 4.
500 2509 536 2542 in
551 2512 767 2554 peecatorum
782 2508 1018 2542 remissionem
1035 2510 1112 2542 edit.
1129 2508 1280 2543 Elmeulz.

454 2565 549 2611 (Cap.
566 2566 724 2610 XXXV.)
757 2565 794 2600 V.
811 2565 935 2600 Concil.
955 2565 1116 2609 Cartliaq.
1137 2577 1164 2599 e.
1181 2565 1298 2610 Pelaq.
1317 2577 1393 2610 cap.
1413 2564 1445 2598 7.
1518 2564 1546 2598 1.
1562 2563 1699 2607 IIoh.I‚
1719 2564 1746 2598 l.
1793 2563 1823 2598 2.
1837 2575 1893 2598 ve-

368 2611 450 2645 ritas
467 2615 518 2644 est
536 2613 612 2645 edit.
630 2611 780 2645 Elmenh.
850 2610 880 2644 3.
898 2611 978 2655 quia
994 2623 1057 2644 non
1073 2611 1174 2644 habet
1187 2612 1266 2645 edit.
1284 2610 1437 2644 Elmenh..

457 2656 552 2702 (Cap.
569 2656 748 2700 XXXVI.)
782 2656 818 2690 V.
834 2656 957 2689 Conctl.
977 2655 1139 2699 Cartkaq.
1158 2668 1186 2691 e.
1204 2656 1322 2700 Pelaq.
1343 2668 1420 2700 cap.
1438 2654 1472 2690 8.
1546 2655 1574 2690 l.
1615 2657 1730 2689 eccata
1746 2654 1892 2688 edium-

367 2702 469 2735 menlz.
538 2701 568 2735 2.
584 2702 697 2736 Iacob.
714 2701 770 2743 III,
788 2701 818 2735 2.
886 2701 916 2735 3.
935 2705 968 2734 et
984 2714 1043 2735 om.
1062 2703 1139 2735 edit.
1156 2701 1307 2737 Elmenlz.
1325 2722 1368 2726 —
1383 2701 1509 2735 Psalm.
1528 2699 1554 2735 C
1618 2700 1660 2741 H,
1677 2699 1708 2734 2.
1781 2699 1813 2733 4.
1829 2699 1892 2734 Ec-

366 2749 445 2781 cles.
464 2747 542 2790 VII,
566 2746 620 2782 21.
689 2747 720 2782 5.
737 2747 807 2782 Iob.
824 2746 1008 2789 XXXVII,
1034 2747 1064 2780 7.
1133 2746 1164 2782 6.
1182 2747 1303 2780 Daniel
1319 2746 1387 2789 IX,
1411 2746 1443 2781 5.
1511 2746 1543 2781 7.
1560 2745 1722 2779 vivaciter
1737 2745 1814 2779 edit.
1831 2745 1892 2778 El-

368 2793 470 2828 menlz.
550 2792 580 2827 8.
597 2793 717 2826 Daniel
732 2792 793 2834 IX,
811 2792 862 2826 20.
944 2792 974 2826 9.
992 2793 1155 2838 quoniam
1171 2794 1248 2826 edit.
1265 2792 1419 2827 Elmeuh.
1501 2791 1552 2825 10.
1568 2789 1797 2834 intelligerent
1813 2792 1890 2826 edit.

367 2838 516 2872 Elmenk.

456 2888 747 2935 (Gap.XXXVII.)
779 2888 817 2923 V.
834 2889 958 2924 Concil.
977 2889 1140 2932 Carthaq.
1159 2889 1314 2933 c.Pela9.
1333 2901 1412 2935 cap.
1423 2888 1455 2922 9.
1511 2887 1540 2922 1.
1559 2889 1593 2920 et
1607 2897 1666 2920 om.
1677 2886 1727 2920 ed.
1737 2885 1889 2922 Elmenh.

456 2945 553 2990 (Ca-p.
569 2944 775 2989 XXXVIII.)
806 2945 843 2979 V.
859 2945 982 2979 Coneil.
1003 2945 1233 2979 Arausiaeum
1249 2946 1302 2979 II.
1327 2946 1369 2980 de
1388 2946 1513 2979 Gratia
1535 2948 1566 2976 et
1586 2941 1709 2976 Libero
1731 2942 1889 2978 Arbitrio

369 2992 418 3030 (in
435 2991 615 3034 Anqustini
642 2990 723 3035 Opp.
748 2992 798 3024 ed.
825 2990 996 3025 Benedict.
1021 2997 1092 3025 tom.
1109 2990 1160 3032 X,
1182 2991 1338 3036 Append.
1356 3003 1397 3036 p.
1414 2988 1511 3030 106.)
1528 2999 1603 3032 cap.
1619 2987 1650 3021 1.
1721 2987 1751 3023 1.
1768 2987 1888 3024 Ezech.

368 3035 491 3077 XVIII,
509 3035 561 3070 20.
584 3036 682 3070 Rom.
700 3035 755 3078 VI,
774 3034 825 3070 16.
