2052 3374
1631 202 1710 244 381

160 319 256 355 pora.
282 308 474 354 Cyprianus
492 308 532 343 de
550 312 634 343 orat.
653 308 834 342 Dominica.
850 308 907 341 fol.
923 307 999 341 244.
1031 306 1216 351 Augustin.
1234 305 1277 339 ad
1293 305 1449 339 Bonifae.
1467 304 1566 349 epist.
1583 303 1713 338 XXIII.

162 355 205 388 ad
220 355 417 389 Ianuarium
434 355 531 399 epist.
551 354 701 388 CXVIII.
719 355 878 387 Ambros.
895 354 935 386 de
953 352 1176 386 sacramentis
1192 352 1251 387 lib.
1266 351 1306 385 V.
1324 362 1396 396 cap.
1410 350 1466 383 IV.
1483 350 1713 393 Hieronymus

162 400 206 434 ad
220 400 404 434 Lucinium
421 401 518 445 epist.
533 400 694 434 XXVIII.
713 400 772 434 fol.
791 399 843 432 38.
863 399 905 432 ad
921 399 1101 432 Iledibiam
1119 398 1217 443 epist.
1232 397 1296 431 CL.
1314 400 1444 442 quaest.
1460 395 1491 430 2.
1509 395 1567 429 fol.
1581 395 1658 430 416.
1675 394 1714 428 In

161 446 325 491 apologia
342 445 386 479 ad
401 445 662 479 pammachium
678 457 739 490 pro
757 445 814 479 lib.
834 445 997 477 adversus
1016 444 1181 477 Iovinian.
1200 455 1273 488 cap.
1289 443 1342 476 Vl.
1366 442 1425 476 fol.
1444 441 1517 476 184.
1557 441 1714 474 Postmo-

163 492 245 525 dum
263 491 429 525 diminuto
447 491 526 525 fidei
544 491 672 533 ardore,
692 495 725 524 et
741 490 985 534 refrigescente
1012 489 1177 522 charitate
1202 489 1331 522 sensim
1353 499 1429 521 mos
1453 488 1509 520 ille
1534 487 1714 521 obsolevit.

161 536 313 571 Thomas
330 537 486 582 Aquinas
503 541 589 582 part.
603 538 634 570 3.
653 548 742 570 sum.
761 536 953 580 quaestion.
968 535 1114 569 LXXX.
1132 535 1226 569 artic.
1241 535 1287 569 X.
1329 533 1477 578 Ideoque
1501 533 1672 565 sancitum
1694 543 1715 565 a

161 582 387 617 Pontificibus
398 582 629 624 Romanis,ut,
643 583 672 615 si
688 594 757 615 non
771 581 996 625 frequentiuS,
1011 581 1134 613 saltem
1149 585 1201 613 ter
1216 583 1265 620 (in
1278 581 1391 612 natali
1403 579 1549 618 Domini,
1563 578 1714 618 Pascha,

162 634 196 661 et
207 628 416 672 Pentecoste)
434 633 493 662 aut
509 628 552 661 ad
568 629 683 661 minus
701 628 808 661 semel
825 629 876 670 (in
894 626 1003 659 Coena
1024 626 1175 668 Domini)
1198 626 1233 659 in
1251 636 1340 658 anno
1359 624 1586 658 eucharistiae
1603 634 1715 657 sacra-

160 678 317 708 mentum
334 674 504 707 seculares
522 674 745 718 susciperent,
762 673 830 706 nisi
846 672 1000 705 viventes
1019 672 1158 705 0111111110
1177 672 1219 704 ab
1236 672 1397 715 ingressu
1415 670 1579 704 ecclesiae
1597 669 1715 710 arceri,

162 724 196 754 et
210 719 338 753 mortui
354 718 549 753 Christiana
565 730 679 752 carere
695 719 822 751 vellent
839 718 1026 762 sepultura.
1052 717 1180 751 Concil.
1196 717 1426 750 Lateranense
1443 727 1470 749 c.
1484 715 1582 750 XXI.
1609 714 1714 749 Cone.

161 766 354 800 Turonens.
372 765 429 800 ΠΙ.
455 776 528 810 cap.
542 765 580 798 L.
613 764 740 798 Concil.
758 762 956 808 Agathense
980 773 1053 807 cap.
1066 762 1187 796 LXIII.
1220 762 1351 807 Corpus
1369 762 1498 795 Canon.
1516 761 1665 795 distinct.
1685 760 1716 794 2.

162 821 236 857 cap.
248 810 342 846 XVI.
368 810 588 844 Burchardus
604 809 871 843 Wormaciensis
896 809 1079 853 episcopus
1104 808 1161 841 lib.
1180 808 1218 842 V.
1242 807 1454 852 cap.le1.
1485 807 1544 840 Ivo
1562 807 1714 852 episcop.

163 856 384 890 Garnotensis
401 860 486 902 part.
501 856 532 889 2.
549 867 623 901 cap.
637 855 780 890 XXVII.
807 854 954 899 capitul.
973 854 1091 888 Karoli
1108 854 1229 897 Magni
1253 854 1309 886 lib.
1325 852 1355 886 2.
1379 864 1452 897 cap.
1466 852 1570 886 XLV.
1602 852 1716 885 Bona-

161 906 308 936 ventura
325 903 474 947 episcop.
489 901 692 935 Albanensis
709 911 812 946 super
829 900 1016 933 sententias
1030 899 1119 932 Petri
1132 899 1316 932 Lombardi
1332 899 1389 932 lib.
1405 898 1460 933 IV.
1474 898 1622 931 distinct.
1635 897 1714 932 XII.

163 948 355 993 quaestion.
370 947 400 982 2.
417 959 512 981 num.
525 946 579 980 82.
598 951 631 980 et
647 950 803 990 sequent.
837 945 1032 979 Ludovicus
1048 945 1132 989 Imp.
1151 944 1314 979 addition.
1330 943 1360 977 3.
1378 944 1419 977 ad
1438 943 1632 988 Capitulare
1648 943 1715 977 Ka-

162 994 228 1028 roli
243 994 363 1039 Magni
380 1004 453 1038 cap.
467 992 665 1027 XXXVIII.
691 991 873 1025 Durandus
891 995 1038 1025 sentent.
1055 991 1114 1024 lib.
1127 990 1183 1023 IV.
1207 990 1354 1023 distinct.
1367 989 1445 1023 XII.
1470 989 1661 1034 quaestion.
1674 989 1714 1024 V.

163 1040 324 1073 Albertus
339 1040 490 1084 Magnus
508 1038 548 1072 de
566 1038 680 1072 officio
696 1038 824 1071 missae
838 1041 936 1072 tract.
951 1036 982 1070 3.
996 1047 1070 1081 cap.
1084 1036 1182 1070 XXI.
1209 1035 1330 1069 Graeci
1342 1036 1375 1069 in
1391 1035 1622 1069 Orientalibus
1638 1045 1715 1079 par-

162 1085 255 1119 tibus
272 1096 343 1119 non
360 1084 522 1129 quotidie,
539 1084 600 1117 sed
617 1084 698 1117 solis
715 1084 835 1117 diebus
852 1083 950 1116 festis
968 1085 1002 1116 et
1018 1082 1198 1115 dominicis
1215 1081 1525 1115 communicarunt.
1549 1079 1716 1113 Athanas.

163 1135 247 1166 tom.
267 1130 294 1166 Ι.
320 1131 456 1176 apolog.
476 1130 507 1165 2.
531 1129 679 1164 101569.
693 1129 771 1162 570.
809 1129 994 1173 Augustin.
1019 1128 1060 1161 de
1082 1128 1196 1161 verbis
1222 1127 1351 1161 domini
1373 1126 1562 1160 secundum
1584 1126 1716 1159 Lucam

162 1181 243 1210 tem.
257 1176 302 1211 X.
320 1187 469 1210 sermon.
482 1174 643 1210 XXVHI.
660 1175 720 1209 fol.
736 1174 790 1208 76.
807 1179 841 1208 et
857 1175 896 1208 de
915 1185 1071 1207 sermone
1094 1173 1225 1206 domini
1247 1173 1282 1206 111
1298 1177 1416 1206 11101110
1439 1172 1497 1206 111).
1513 1172 1544 1206 2.
1562 1171 1620 1205 fol.
1638 1171 1714 1206 815.

162 1222 310 1256 Plurimi
331 1225 367 1254 in
395 1221 620 1255 Orientalibus
637 1221 798 1265 partibus
822 1233 883 1253 non
916 1221 1060 1264 quotidie
1090 1231 1213 1252 coenae
1236 1219 1437 1251 Dominicae
1462 1220 1716 1251 communicant.

163 1268 365 1302 Ambrosius
383 1267 424 1301 de
440 1267 666 1301 sacramentis
679 1267 738 1300 lib.
752 1267 792 1300 V.
807 1277 880 1311 cap.
896 1265 951 1299 IV.
967 1265 1007 1298 Si
1019 1267 1233 1310 quotidianus
1247 1272 1295 1297 est
1300 1267 1416 1309 panis,
1435 1270 1582 1308 curpost
1594 1276 1716 1296 annum

162 1314 256 1346 illum
272 1316 389 1354 sumis,
412 1314 685 1358 quemadmodum
711 1313 839 1345 Graeci
860 1314 893 1344 in
916 1311 1049 1344 Oriente
1057 1313 1183 1354 facere
1207 1316 1453 1343 consueverunt.
1492 1309 1562 1354 Ipsi
1579 1320 1716 1354 quoque

164 1359 275 1393 sancti
290 1363 405 1404 patres
427 1370 499 1392 non
520 1363 593 1392 tam
614 1358 791 1392 inculcant
813 1357 1050 1402 quotidianam
1067 1360 1101 1389 et
1117 1356 1272 1389 crebram
1290 1355 1584 1397 communionem,
1611 1366 1715 1400 quam

164 1405 306 1450 dignam
322 1408 616 1440 sacramentorum
632 1404 899 1449 perceptionem.
922 1402 1132 1436 Walafridus
1147 1401 1271 1435 Strabo
1289 1401 1329 1435 de
1342 1401 1445 1434 rebus
1459 1401 1578 1434 eccles.
1595 1401 1714 1434 c.XX.

168 1452 364 1484 Gennadius
379 1451 607 1484 Blassiliensis
618 1450 797 1495 presbyter
812 1452 846 1481 in
866 1451 1018 1492 doymate
1036 1449 1282 1487 ecclesiastico,
1308 1450 1407 1491 quasi
1430 1449 1515 1480 inter
1537 1452 1664 1479 veteres
1686 1452 1718 1479 et

163 1499 312 1530 iuniores
326 1498 454 1530 medius
470 1499 629 1536 existens,
655 1508 726 1528 cum
745 1494 857 1528 adbuc
883 1496 947 1527 alii
963 1494 1151 1526 Dominicis
1176 1499 1319 1533 tantum,
1343 1495 1409 1525 iam
1429 1505 1551 1537 quoque
1568 1493 1718 1525 nonnulli

164 1544 370 1588 quotidianis
386 1545 671 1575 communicarent
685 1541 808 1580 diebus,
826 1540 1013 1573 huiusmodi
1028 1540 1205 1572 libramine
1221 1541 1414 1572 sententiam
1431 1551 1528 1571 suam
1544 1544 1716 1582 temperat,

163 1595 202 1621 ut
215 1589 446 1633 quotidianam
463 1587 692 1621 eucharistiae
704 1589 950 1631 perceptionem
977 1598 1034 1618 1100
1059 1586 1221 1625 laudare,
1246 1596 1303 1617 nec
1327 1587 1523 1628 vituperare
1544 1596 1577 1616 se
1602 1585 1715 1623 dicat,-

165 1636 255 1668 omni
269 1645 347 1667 vero
363 1635 532 1667 dominica
550 1635 813 1673 communicare,
829 1634 860 1664 si
876 1632 1044 1676 capitalia
1055 1637 1206 1675 peccata
1222 1643 1282 1663 non
1294 1629 1516 1674 prohibeant,
1535 1635 1566 1662 et
1577 1642 1665 1662 mens
1683 1632 1716 1662 in

167 1680 387 1713 delectatione
397 1681 572 1724 peccandi
580 1681 697 1724 posita
715 1691 777 1711 non
794 1684 851 1718 est,
868 1677 1033 1710 bortatur.
1056 1677 1164 1721 Apud
1182 1677 1332 1709 Graecos
1348 1688 1470 1720 quoquc
1482 1676 1544 1715 illi,
1562 1679 1618 1718 qui
1630 1677 1717 1708 duas

165 1726 221 1758 vel
235 1731 302 1759 tres
318 1727 506 1758 dominicas
521 1727 593 1757 sine
610 1726 832 1757 communione
849 1725 1056 1762 transierint,
1073 1724 1357 1755 excommunicuri
1374 1723 1541 1754 dicuntur.
1566 1722 1714 1765 August.

165 1771 265 1816 epist.
280 1770 431 1806 CXVIII.
457 1770 499 1804 ad
522 1770 722 1804 Ianuarium
743 1769 802 1803 fol.
818 1768 894 1802 3GO.
920 1769 1059 1801 Dixerit
1079 1769 1203 1812 aliquis
1226 1780 1287 1799 non
1309 1768 1454 1811 quotidie
1479 1768 1715 1811 accipiendam

165 1816 419 1851 eucharistiam.
449 1816 596 1855 Quaeris
612 1817 740 1860 quare?
756 1817 926 1859 quoniam,
951 1817 1071 1858 inquit,
1098 1815 1245 1857 eliqelzdi
1260 1819 1336 1845 sunt
1351 1814 1439 1853 dies,
1466 1813 1581 1856 quibus
1591 1815 1716 1856 purius

165 1862 258 1896 bomo
275 1864 556 1906 continentiusque
574 1864 664 1901 cit-it,
682 1873 742 1904 quo
760 1862 808 1893 ad
824 1867 949 1893 tantum
966 1865 1211 1892 sacramentum
1231 1860 1352 1902 diqnus
1370 1860 1523 1891 accedat.
1552 1857 1619 1896 Qui
1631 1860 1715 1890 enirn

163 1909 424 1942 manducaverit
438 1909 592 1950 indique,
613 1908 772 1939 iudicium
789 1906 855 1938 sibi
870 1907 1057 1938 manducat
1071 1911 1102 1938 et
1118 1905 1208 1939 bibit.
1249 1905 1351 1937 Alius
1368 1911 1503 1944 contra,
1527 1906 1640 1944 immo,
1664 1906 1714 1936 in-

165 1957 245 1999 quit,
261 1956 293 1987 si
309 1959 405 1987 tanta
423 1960 471 1987 est
482 1954 593 1997 playa
606 1955 747 1996 peccati
764 1958 861 1995 atque
877 1954 1018 1996 impetus
1037 1951 1144 1983 morbi
1151 1976 1159 1991 ,
1185 1956 1222 1983 ut
1242 1951 1485 1983 medicamenta
1509 1951 1596 1983 talia
1620 1951 1714 1994 diffe-

164 2001 274 2033 reuda
283 2003 359 2040 sint,
376 2001 579 2032 auctoritate
590 2000 751 2030 antistitis
760 1998 855 2030 debet
870 1999 1004 2041 quisque
1018 1997 1059 2029 ab
1075 1997 1201 2029 altario
1214 1998 1381 2029 renuet-eri
1392 1997 1440 2028 ad
1453 1996 1619 2039 ayendam
1630 2008 1716 2040 pae-

164 2047 348 2085 nitentiam,
363 2051 393 2078 et
406 2046 521 2078 eadem
535 2046 717 2077 autoritate
730 2044 958 2075 reconciliari.
972 2042 1047 2075 Hoc
1062 2049 1110 2075 est
1121 2044 1206 2075 enim
1218 2043 1355 2085 indique
1369 2043 1538 2086 accipere,
1547 2044 1576 2074 si
1590 2053 1624 2074 eo
1639 2048 1714 2074 tem-

158 2102 246 2135 pore
263 2093 426 2135 accipiat,
444 2102 504 2134 quo
523 2089 617 2122 debet
633 2100 734 2131 aqere
745 2091 1002 2132 paenitentiam,
1020 2100 1083 2121 non
1099 2095 1135 2121 ut
1151 2087 1294 2121 arbitrio
1310 2100 1368 2120 suo
1386 2099 1459 2120 cum
1476 2087 1568 2128 libet,
1587 2087 1640 2119 rel
1655 2100 1714 2119 au-

157 2139 259 2181 ferat
271 2148 306 2169 se
323 2138 543 2169 communioni
560 2135 612 2167 rel
626 2135 760 2168 reddat.
786 2134 958 2167 Caeterum
976 2136 1008 2166 si
1018 2139 1168 2178 peccata
1186 2139 1282 2166 tanta
1301 2145 1363 2165 non.
1379 2139 1464 2173 sunt,
1481 2139 1517 2165 ut
1532 2144 1713 2166 excommu-

166 2183 332 2215 nicandus
348 2183 518 2226 quisquam
543 2180 636 2213 Ιιοηιο
658 2181 840 2220 iudicetur,
864 2192 927 2212 non
949 2192 983 2212 se
1007 2180 1103 2212 debet
1118 2192 1140 2212 a
1156 2180 1353 2223 quotidiana
1371 2180 1539 2211 medicina
1556 2180 1716 2211 dominici

166 2230 319 2272 corporis
335 2238 511 2271 separare.
541 2226 678 2258 Rectius
693 2227 780 2258 inter
797 2237 850 2258 eos
857 2228 1009 2269 sortasse
1026 2229 1197 2269 quisquam
1215 2226 1347 2257 dirimit
1361 2225 1465 2265 litem,
1487 2227 1545 2269 qui
1561 2230 1667 2257 monet
1680 2230 1716 2256 ut

160 2274 350 2317 praecipue
365 2274 401 2304 in
420 2271 548 2304 Christi·
556 2283 648 2315 pace
659 2277 893 2315 permaneant.
932 2271 1061 2304 Faciat
1076 2276 1185 2303 autem
1202 2273 1419 2315 unusquisque
1436 2272 1522 2315 quod
1536 2271 1713 2303 secundum

159 2319 263 2363 fidem
284 2330 379 2350 suam
399 2319 458 2362 pie
483 2318 593 2350 credit
613 2328 682 2349 esse
696 2318 908 2360 jaciendum.
940 2316 1070 2350 Neuter
1094 2319 1178 2349 enim
1202 2328 1310 2349 eorum
1337 2316 1520 2350 crhonorat
1541 2328 1661 2360 corpus
1684 2322 1715 2348 et

167 2365 363 2407 sanquinem
381 2363 533 2404 Domini,
549 2365 580 2395 si
595 2362 848 2396 saluberrimum
865 2368 1112 2395 sacramentum
1137 2365 1291 2395 certatimv
1315 2362 1482 2395 honorare
1504 2363 1713 2394 contendunt.

167 2409 284 2454 Neque
301 2411 385 2441 enim
402 2409 619 2452 litiqarerunt
634 2410 721 2440 inter
736 2420 780 2448 se,
799 2415 858 2441 aut
872 2411 1042 2452 quisquam
1062 2420 1170 2441 corum
1184 2420 1218 2440 se
1232 2409 1333 2441 alteri
1343 2410 1521 2452 proposuit
1533 2406 1714 2439 Zachaeus

167 2461 201 2488 et
214 2455 272 2488 ille
289 2453 455 2494 Centurio,
474 2465 546 2486 cum
563 2454 650 2486 alter
665 2466 772 2486 eorum
789 2455 941 2497 qaudcns
958 2456 992 2486 in
1009 2455 1135 2486 domum
1151 2466 1247 2487 suam
1270 2457 1454 2497 susceperit
1472 2454 1645 2493 dominum,
1664 2453 1714 2485 al-

169 2506 219 2533 ter
235 2501 338 2533 diaeit:
356 2511 418 2532 non
433 2511 503 2531 sum
521 2501 657 2542 diffluis,
682 2505 718 2531 ‘ut
732 2502 836 2532 intres
859 2500 917 2532 sub
935 2505 1053 2532 tectum
1071 2512 1183 2533 meum.
1216 2499 1323 2531 Ambo
1338 2500 1542 2531 saluatorem
1559 2498 1713 2542 bonorifi-

168 2551 293 2586 cantes,
312 2547 442 2578 diverso
460 2551 491 2577 et
505 2547 603 2589 quasi
615 2547 786 2578 contrario
799 2546 903 2585 modo,
922 2545 1016 2578 ambo
1028 2548 1184 2590 peccati-s·
1198 2547 1320 2584 miseri,
1338 2545 1432 2577 ambo
1447 2545 1712 2577 misericordiam

168 2593 345 2625 consecuti.
394 2590 492 2624 Valet
512 2593 611 2623 etiam
637 2592 686 2623 ad
708 2590 796 2623 hanc
819 2592 1084 2631 similitudinem,
1108 2592 1196 2635 quod
1216 2593 1249 2623 in
1267 2593 1380 2634 primo
1397 2591 1523 2634 populo
1540 2593 1714 2632 unicuique

166 2649 292 2670 manna
309 2637 487 2669 secundum
498 2639 678 2680 propriam
693 2637 891 2669 voluntatem
907 2639 942 2669 in
959 2649 1016 2669 ore
1037 2637 1211 2680 sapiebat;
1234 2639 1283 2668 sic
1307 2638 1340 2668 in
1364 2645 1420 2668 ote
1443 2638 1599 2679 cuiusque
1617 2634 1712 2667 Clari-

167 2685 274 2716 stiani
287 2687 533 2716 sacramentum
550 2682 636 2714 illud
651 2683 806 2725 quomodo
822 2688 974 2715 sumatur
991 2683 1243 2715 aestimandum.
1284 2680 1375 2713 Nam
1400 2687 1430 2714 et
1446 2681 1501 2712 ille
1518 2680 1713 2713 honorando

167 2741 233 2762 non
255 2729 357 2762 audet
376 2728 520 2771 quotidie
542 2738 684 2768 sumere,
709 2734 741 2760 et
761 2728 819 2760 ille
842 2727 1036 2761 honorando
1060 2739 1121 2759 non
1145 2728 1247 2760 audet
1267 2727 1332 2759 ullo
1358 2727 1412 2758 die
1430 2729 1712 2770 praetermittere.

169 2773 393 2818 Contempcum
409 2773 511 2805 solum
529 2785 591 2804 non
608 2773 677 2805 vult
692 2773 784 2805 cibus
799 2774 866 2814 ille,
883 2777 971 2806 sicut
986 2785 1110 2805 manna
1120 2774 1314 2815 fastidium.
1341 2771 1425 2804 Inde
1442 2773 1526 2804 enim
1540 2778 1571 2804 et
1583 2778 1713 2815 apo-sto-

169 2821 218 2853 lus
234 2821 372 2863 indique
389 2820 474 2852 dicit
489 2823 663 2862 acceptum
680 2819 721 2850 ab
740 2821 796 2858 eis,
813 2822 870 2862 qui
885 2832 947 2851 non
965 2818 1199 2852 discernebant
1213 2830 1233 2850 a
1248 2819 1392 2849 caeteris
1405 2817 1489 2849 cibis
1503 2819 1713 2849 veneratione

168 2866 388 2909 sinyulariter
406 2864 527 2897 debita.
553 2862 819 2906 chrysostomus
842 2864 876 2897 in
900 2865 1034 2909 epistol.
1053 2862 1151 2895 Pauli
1174 2862 1215 2895 ad
1240 2863 1413 2895 Hebraeos
1431 2873 1503 2906 cap.
1517 2861 1578 2896 IX.
1595 2861 1711 2896 homil.

168 2910 277 2945 XVII.
291 2910 373 2943 etde
388 2921 455 2943 non
467 2909 718 2942 contemnenda
735 2909 788 2942 dei
798 2910 941 2943 ecclesia
950 2914 983 2942 et
993 2909 1182 2952 mysteriis:
1201 2907 1326 2940 Πολλοὶ
1344 2909 1407 2939 τῶν
1426 2907 1609 2951 μυστηρίων
1628 2905 1712 2946 ἅπαξ

195 2953 453 3000 εταλαμβάνουσι
467 2957 523 2986 τοῦ
538 2952 691 2986 ἐνιαυτοῦ.
709 2951 840 2999 (Έτεροι
853 2954 887 2987 δὲ
901 2954 957 2998 δὶς,
974 2952 1069 2986 ἄλλοι
1083 2952 1117 2985 δὲ
1131 2951 1297 2992 πολλάκις.
1317 2953 1410 2991 Τίνας
1425 2949 1480 2984 οὖν
1494 2952 1617 2984 τούτων
1632 2952 1712 2985 ἀπο-

171 3000 343 3046 οεξόμεθα;
385 3000 468 3039 Τοὺς
497 2999 592 3041 ἅπαξ,
621 3000 640 3041 ἢ
669 2999 742 3038 τοὺς
767 2998 940 3043 πολλάκις,
969 3001 988 3041 ἢ
1007 2998 1079 3037 τοὺς
1109 2995 1269 3043 ὀλιγάκιςς
1296 2997 1378 3031 Οὔτε
1407 2997 1479 3036 τοὺς
1509 2996 1610 3043 ἅπαξ,
1639 2997 1711 3031 οὔτε

170 3045 244 3084 τοὺς
262 3043 435 3090 πολλάκις,
459 3045 532 3078 οὔτε
549 3044 622 3083 τοὺς
647 3041 806 3090 ὀλιγάκις,
829 3043 914 3078 ἀλλὰ
938 3045 1011 3083 τοὺς
1037 3044 1116 3088 μετὰ
1140 3044 1283 3088 καθαροῦ
1308 3043 1505 3087 συνειδότος,
1535 3043 1607 3082 τοὺς
1633 3043 1712 3089 μετὰ
