2052 3374
724 146 838 172 LIBER
860 146 1006 172 PRIMUS.
1564 146 1615 186 24
1619 145 1643 186 5

87 253 182 295 nius
212 253 296 293 iam
325 251 492 294 omnino
526 251 730 293 defecisse
761 253 960 304 testatur,
989 252 1122 292 victos
1151 264 1175 292 a
1204 249 1433 306 Theophilo
1455 249 1639 305 Apameo

88 323 294 377 episcopo.

171 388 491 443 Quadragesimo
514 388 602 430 loco
626 391 906 444 apparuerunt
927 387 1163 443 apostolici,
1194 390 1264 442 qui
1293 401 1335 428 se
1364 386 1441 428 hoc
1470 388 1640 428 nomine

87 457 333 512 adroganter
363 457 564 512 appellari
593 456 814 498 voluerunt
850 469 896 497 eo
931 456 1041 510 quod
1077 458 1120 497 111
1151 471 1269 498 suam
1305 457 1641 498 communionem

86 540 170 568 non
190 527 396 581 recipiunt
415 529 580 567 utentes
605 525 847 579 coniugibus
870 530 910 565 et
931 538 996 565 res
1017 527 1206 580 proprias
1227 525 1489 581 possidentes
1503 557 1514 577 ,
1537 538 1637 579 qua-

85 594 146 637 les
165 594 294 636 habet
314 593 518 636 catholica
539 599 580 635 et
599 593 826 635 monachos
849 597 889 634 et
907 592 1076 634 clericos
1093 593 1308 649 plurimos.
1340 593 1438 635 Ideo
1458 607 1551 647 ergo
1569 595 1637 634 isti

84 663 283 705 haeretici
303 666 415 716 sunt,
437 664 533 717 quia
554 677 598 704 se
620 663 670 704 ab
693 662 871 704 ecclesia
892 666 1133 717 separantes
1155 662 1313 703 nullam
1335 676 1452 717 spem
1470 676 1539 703 eos
1561 676 1637 717 pu-

85 735 176 773 tant
194 731 349 774 habere
370 733 441 786 qui
462 736 634 773 utuntur
653 731 718 772 his
740 731 864 772 rebus
887 730 1036 785 quibus
1057 732 1139 786 ipsi
1160 735 1314 772 carent.
1352 732 1428 772 His
1445 732 1489 771 in
1505 745 1551 772 eo
1574 735 1637 771 10-

85 801 278 842 stimonio
301 801 478 842 occurrit
500 800 694 853 ecclesia,
715 801 759 840 in
780 813 858 854 quo
882 799 982 840 dicit
1003 799 1259 854 lapostolus,
1286 799 1462 840 Etiamsi
1491 814 1638 855 corpus

83 883 223 911 meum
242 883 326 911 11011
348 868 481 910 solum
502 869 767 910 abstinentiis
783 882 1005 921 macerem,
1027 868 1101 909 sed
1119 869 1245 908 etiam
1260 867 1424 908 tradam
1441 882 1535 909 eum
1551 870 1636 922 igni

83 941 130 979 ut
149 937 305 991 ardeat,
327 939 542 980 caritatem
563 940 702 978 autem
722 951 805 978 non
826 936 1017 990 habeam,
1038 936 1142 978 nihil
1161 937 1265 977 mihi
1286 936 1468 991 prodest.

166 1007 216 1048 In
246 1006 604 1061 quadragesimam
636 1011 678 1046 et
706 1007 884 1061 primam
915 1005 1122 1046 haeresim
1153 1004 1382 1047 Sabelliani
1410 1019 1434 1045 a
1456 1004 1636 1047 Sabellio

84 1077 360 1128 incurrerunt,
381 1076 518 1130 ipsum
541 1074 621 1115 sibi
641 1078 816 1129 patrem,
837 1076 976 1129 ipsum
997 1074 1078 1115 sibi
1098 1074 1250 1127 filium,
1278 1075 1417 1129 ipsum
1437 1073 1519 1114 sibi
1541 1088 1636 1114 san-

85 1148 197 1185 ctum
219 1144 411 1199 spiritum
434 1143 692 1185 confitentes.
743 1143 796 1184 Hi
825 1146 922 1184 sunt
943 1144 1013 1197 qui
1036 1147 1076 1183 et
1095 1143 1303 1184 Praxeani
1325 1142 1539 1195 dicuntur,
1568 1145 1639 1196 qui

84 1211 320 1253 habuerunt
344 1213 454 1253 inter
481 1213 603 1252 initia
622 1212 827 1253 Praxeam
856 1211 1066 1266 quendam
1093 1211 1318 1253 doctorem.
1368 1211 1574 1253 Dicuntur
1597 1216 1637 1252 et

83 1281 429 1335 Hermogeniani,
451 1282 547 1335 quia
567 1280 873 1333 Hermogenem
894 1279 1130 1321 habuerunt
1150 1280 1193 1321 in
1217 1279 1391 1322 Sabellii
1413 1280 1634 1322 contuber—

83 1350 164 1391 nio.
213 1349 288 1390 His
310 1351 489 1391 occurrit
508 1349 734 1391 Dositheus
763 1350 982 1404 episcopus
1005 1348 1242 1403 Seleuciae,
1273 1349 1427 1391 docens
1457 1354 1634 1391 01111110-

83 1422 170 1460 tam
189 1419 421 1459 trinitatem
442 1431 608 1472 negare,
630 1417 729 1459 dum
751 1432 794 1458 se
813 1419 1005 1459 aestimat
1022 1419 1227 1459 unitatem
1244 1417 1480 1459 defendere.
1511 1418 1636 1460 Pater

84 1488 196 1529 em'm
216 1487 440 1540 ingenitus,
461 1486 571 1527 filius
592 1488 771 1540 genitus,
795 1487 964 1542 spiritus
987 1490 1156 1528 sanctus
1178 1486 1409 1542 procedens
1433 1501 1484 1528 ex
1502 1492 1636 1543 patre,

85 1555 318 1610 coaequalis
338 1569 414 1610 per
434 1556 573 1597 omnia
593 1557 703 1610 patri
725 1559 766 1596 et
788 1555 883 1597 filio.
934 1556 1078 1597 Deitas
1101 1557 1213 1597 euim
1244 1557 1302 1597 sic
1325 1557 1475 1612 re=.·ipit
1495 1557 1632 1597 unita—

83 1628 170 1667 tem
189 1623 463 1677 substantiae,
483 1628 529 1664 ut
551 1623 864 1666 distinctionem
884 1638 1087 1680 personae
1109 1639 1194 1666 non
1215 1624 1373 1680 perdat.

169 1692 536 1747 Quadragesimam
569 1697 610 1734 et
642 1693 869 1734 secundam
903 1693 1109 1735 haeresim
1141 1693 1380 1748 Origeniani
1410 1693 1633 1735 inchoave-

85 1765 196 1815 runt,
217 1775 241 1803 a
262 1761 441 1816 quodam
463 1760 679 1816 ¹Origene,
701 1776 783 1803 non
806 1762 874 1804 illo
897 1764 965 1817 qui
986 1763 1072 1804 fere
1095 1761 1288 1804 omnibus
1311 1767 1434 1804 notus
1457 1768 1538 1817 est,
1561 1763 1635 1806 sed

83 1830 162 1873 alio
184 1829 286 1885 Syro
309 1829 486 1884 quodam
503 1830 847 1884 sceleratissimo,
870 1831 919 1872 de
937 1845 1015 1886 quc
1035 1831 1135 1872 dicit
1149 1831 1405 1887 Epiphanius
1424 1833 1533 1886 quod
1548 1836 1635 1874 tam

84 1900 220 1955 turpia
241 1898 441 1952 docuerit,
462 1902 507 1940 ut
529 1912 606 1940 nec
629 1899 809 1941 debeant
830 1913 905 1955 per
925 1901 1176 1956 scripturam
1197 1900 1249 1942 ad
1266 1905 1428 1943 nostros
1445 1906 1633 1957 posteros

85 1968 298 2011 destinari.

169 2035 536 2090 Quadragesimam
568 2041 609 2077 et
638 2039 806 2078 tertiam
835 2037 1042 2080 haeresim
1070 2037 1140 2080 alii
1169 2038 1408 2093 Origeniani
1437 2042 1632 2082 continuo

85 2104 298 2148 subsecuti
320 2109 431 2157 sunt,
452 2110 498 2145 ut
519 2104 620 2146 dicit
639 2105 910 2160 Epiphanius,
932 2108 1001 2161 qui
1023 2111 1065 2148 et
1084 2112 1341 2150 mortuorum
1361 2112 1631 2152 resurrectio-

84 2187 181 2216 nem
201 2177 376 2227 negant,
404 2173 558 2215 Christi
587 2178 727 2215 autem
759 2180 991 2217 creaturam
1019 2190 1109 2217 esse
1139 2181 1330 2219 sanctum
1354 2179 1547 2233 spiritum
1569 2179 1631 2220 di-

85 2246 198 2296 cunt,
219 2241 459 2298 paradisum
481 2246 618 2284 autem
641 2247 681 2283 et
703 2242 838 2285 caelos
861 2244 1078 2298 allegorice
1097 2244 1209 2287 dicta
1224 2247 1450 2289 firmantes.
1482 2248 1535 2289 Hi
1553 2248 1631 2290 duo

86 2310 284 2366 Origenes
306 2310 457 2367 ¹prava
479 2324 664 2365 quaeque
687 2325 791 2366 quae
813 2315 1069 2369 scripserunt
1084 2314 1282 2357 haeretici
1300 2320 1338 2356 et
1355 2318 1540 2371 perversi
1558 2317 1630 2358 do-

87 2384 220 2422 ctores
241 2383 381 2421 nostro
405 2379 572 2434 Origeni
594 2379 794 2423 catholico
815 2384 1028 2424 tractatori
1048 2385 1327 2438 miscuerunt,
1355 2389 1400 2426 ut
1428 2385 1630 2440 adimple-

86 2452 200 2491 retur
224 2447 333 2504 quod
360 2448 510 2490 dicitur
539 2462 563 2490 a
591 2448 757 2492 domino
786 2451 829 2492 in
857 2452 1103 2506 evangeliis,
1131 2451 1306 2496 2N02me
1328 2452 1479 2496 bonum
1498 2469 1632 2496 semen

153 2594 236 2641 Cap.
251 2594 325 2630 XL.
344 2616 387 2621 —
407 2596 435 2631 l.
454 2595 480 2630 I.
497 2595 648 2630 Corinth.
665 2595 758 2638 XIII,
775 2596 806 2632 3.

153 2640 236 2686 Gap.
253 2640 359 2677 XLII.
376 2662 419 2667 —
450 2642 478 2675 1,
496 2642 595 2674 Hunc
618 2645 814 2686 scrt'ptnrem
838 2644 918 2677 duos
941 2646 1175 2689 confinqentem
1197 2644 1375 2688 Orz'qenes,
1400 2645 1455 2679 hic
1480 2649 1630 2691 etpaulo

81 2692 169 2733 post,
187 2689 317 2720 acriter
326 2690 530 2732 peratrinyit
545 2687 688 2720 Huetius
705 2688 760 2722 lib.
779 2688 803 2721 I
804 2716 811 2723 .
833 2688 1029 2734 Oriqem'an.
1049 2702 1126 2735 cap.
1146 2690 1176 2724 I.
1194 2693 1223 2733 §.
1251 2691 1338 2731 VII,
1360 2703 1442 2735 paq.
1461 2691 1510 2732 5.,
1530 2696 1584 2736 qm·
1602 2699 1632 2726 et

88 2733 330 2766 animaduertit
344 2734 468 2766 diserte
485 2745 623 2777 neyasse
642 2734 678 2765 ιἰΙ
696 2733 895 2776 Baronz'nm,
918 2737 1077 2779 simulque
1094 2748 1218 2769 causas
1235 2748 1295 2769 cur
1313 2738 1433 2781 duplex
1450 2739 1630 2781 ftuqeretur

92 2777 250 2822 Oriqenes
267 2783 365 2811 acute
377 2781 624 2823 pervestiyasse
642 2780 690 2811 acl
705 2791 783 2813 ann.
803 2779 877 2814 256.
895 2783 924 2824 §.
942 2781 1009 2814 XL
1024 2781 1103 2814 VII.
1140 2781 1221 2814 Post
1236 2781 1390 2815 Huetium
1416 2775 1501 2815 idem
1526 2785 1628 2816 adno-

89 2829 204 2858 tarunt
219 2822 400 2857 Cotelerius
415 2824 560 2859 Monam,
580 2823 675 2857 Eccl.
697 2825 757 2860 Gr.
778 2831 849 2859 tom.
869 2826 903 2867 I,
923 2839 961 2872 p.
981 2826 1073 2867 773„
1092 2833 1123 2860 et
1139 2826 1279 2863 Fabric.
1300 2828 1388 2861 Bc'bl.
1411 2828 1470 2862 Gr.
1491 2835 1563 2863 tom.
1590 2829 1627 2869 V,

84 2880 168 2914 pay.
184 2867 260 2902 213.
275 2875 339 2904 not.
356 2882 388 2903 a.
414 2869 535 2914 (Gall.)

156 2913 204 2948 Ca
232 2942 238 2949 .
255 2913 378 2949 XLIII.
394 2935 438 2941 —
458 2916 485 2950 l.
503 2916 561 2949 Ita
580 2915 680 2948 habet
695 2916 766 2949 cod.
785 2928 841 2950 ms.
861 2917 1038 2952 Dunenszze.
1056 2927 1162 2962 prava
1179 2929 1267 2964 quae
1284 2919 1411 2965 scripta
1427 2923 1517 2953 sunt.
1541 2919 1628 2954 Hae-

89 2959 186 2994 retici
237 2958 272 2994 S.
288 2960 379 3003 Auq.
396 2971 503 3006 prava
525 2971 681 3005 quaeque
704 2962 922 3007 scripserunt.
962 2963 1131 2998 Haeretici
1146 2964 1221 2999 MS.
1240 2965 1351 3006 Rem,
1376 2971 1407 2998 et
1427 2966 1501 3000 edd.
1524 2964 1625 3002 Sirm.

94 3004 254 3040 Galland.
335 3005 367 3041 2.
385 3006 506 3042 Matth.
523 3005 614 3041 XIII.
632 3005 685 3039 ⁶27.

1667 396 1733 430 Cap.
1754 398 1809 422 XL.

1664 1014 1730 1042 Cap.
1751 1015 1820 1038 XLI.

1661 1711 1725 1743 cap.
1746 1712 1806 1736 XLI
1815 1713 1831 1736 1.

1660 2054 1725 2088 Cap.
1746 2054 1845 2081 XLIII.
