2052 3342
235 562 298 593 cap.
316 559 404 586 xvn.

223 766 287 798 Cap.
305 763 406 789 xvur.

255 972 319 1002 t'ap.
338 968 408 994 mx.

425 245 502 286 292
996 228 1140 255 PSEUDO
1149 225 1374 251 -HIERONYMI

426 351 560 387 autem
587 340 728 382 volunt
754 334 982 379 naturalem
1009 331 1209 374 malitiam
1239 333 1280 369 et
1304 330 1492 368 naturam
1511 323 1661 374 habere
1682 315 1882 375 ⁵pecoati,
1909 319 1949 356 et

426 414 496 454 illa
517 411 725 465 superiora
746 406 862 460 quasi
884 416 1025 444 semen
1047 399 1146 442 Seth
1167 397 1335 448 sanctis,
1356 396 1434 435 ista
1455 388 1647 433 inferiora
1666 383 1948 444 peccatoribus

428 482 543 536 quasi
563 491 703 520 semen
725 475 824 516 Cain
846 484 1007 526 semper
1027 468 1256 521 adsignant.
1985 454 1989 459 '

511 545 760 602 ¹Apellitae²²
789 542 931 583 dieunt
959 537 1166 579 Christum
1193 546 1276 574 non
1297 531 1418 572 deum
1444 531 1487 570 in
1507 528 1698 578 veritate,
1726 523 1799 566 sed
1818 520 1950 563 homi-

429 632 524 660 nem
545 618 586 657 in
608 612 833 669 phantasia.
874 609 1029 650 Horum
1051 611 1189 646 auctor
1209 599 1399 655 2Apelles
1419 612 1443 638 a
1462 595 1657 638 Rhodone
1666 594 1698 646 b,
1717 589 1863 634 Asiani
1882 601 1951 642 ge-

430 688 538 729 neris
561 683 738 733 homine,
760 677 1030 733 reprehensus
1053 676 1128 725 651,
1156 669 1263 725 quod
1285 668 1406 709 deum
1427 679 1547 720 quem
1568 662 1718 704 coleret
1736 661 1952 714 ignoraret.

517 750 850 793 ¹Severianistae.
882 746 1036 786 Horum
1055 742 1246 782 haereses
1268 736 1512 778 Severianus
1533 730 1787 785 eloquentiae
1809 726 1954 781 spiritu

432 823 594 866 inflatus
615 818 828 860 adstruxit.
860 814 912 855 Hi
932 817 1015 853 tres
1037 807 1366 864 quadragesimas
1388 803 1543 844 faciunt
1563 801 1605 841 in
1626 811 1746 851 anno,
1767 799 1808 837 et
1827 795 1871 836 in
1889 793 1954 834 his

431 889 688 946 xerophagis,
709 886 750 926 id
772 889 834 926 est
854 882 974 923 siccis
996 882 1165 920 utuntur
1185 876 1301 916 escis.

516 955 913 1010 1(1111131111ι’)ξςε1111111
933 948 1139 990 haeresisa
1159 947 1345 985 auctores
1368 944 1464 981 sunt
1483 937 1737 986 ‘-‘Montanus,
1755 932 1898 974 Prisca
1917 933 1958 970 et

432 1025 677 1076 Maximilla,
706 1025 746 1063 in
775 1020 922 1074 quibus
943 1018 1181 1059 Montanum
1207 1009 1470 1066 paraclitum,
1497 1010 1538 1047 et
1563 1005 1748 1047 Priscam
1769 1004 1810 1041 et
1827 998 1957 1040 Maxi-

433 1097 590 1140 millam
610 1091 829 1149 prophetas
852 1088 1113 1141 deceptorum
1134 1081 1345 1123 hominurn
1366 1075 1612 1118 vanissimus
1630 1084 1741 1112 error
1757 1068 1957 1111 observat.

436 1168 540 1208 ‚Sunt
565 1163 706 1204 ³huius
735 1158 930 1207 haeresis,
960 1139 1082 1194 immo
1111 1148 1369 1205 perditionis,
1398 1141 1567 1186 infanda
1593 1139 1799 1194 mysteria.
1855 1135 1960 1177 Nam

437 1232 653 1289 quotannis
674 1228 817 1269 *unum
834 1224 1033 1265 infantem
1049 1215 1303 1260 annioulum¹³
1320 1213 1546 1269 perfeetum
1562 1209 1749 1260 offerunt,
1769 1219 1816 1246 ao
1831 1204 1960 1245 560111-

437 1309 588 1358 puncto
610 1294 849 1339 vulneribus
872 1293 958 1332 eius
980 1285 1218 1343 corpusculo
1241 1286 1283 1324 in
1305 1283 1478 1323 farinam
1499 1278 1741 1331 sanguinem
1761 1275 1848 1314 eius
1870 1284 1960 1313 sus-

439 1372 616 1425 cipiunt,
639 1367 776 1419 sicque
794 1375 942 1417 panem
958 1358 1079 1399 huius
1098 1369 1146 1396 ex
1169 1349 1476 1394 6566165115511111
1496 1345 1692 1388 frumenti
1713 1341 1961 1384 admixtione

438 1441 634 1480 facientes
648 1431 893 1476 diabolicum
910 1427 1036 1469 edunt
1052 1422 1321 1465 eucharistiae
1341 1416 1632 1459 ⁷feralissimae
1648 1413 1962 1454 sacramentum.

438 1507 578 1550 Infans
607 1508 764 1553 autem,
792 1501 827 1541 si
856 1511 906 1538 ex
934 1492 1246 1549 compunctione
1274 1487 1454 1530 vulneris
1483 1484 1649 1534 obierit,
1682 1479 1963 1522 observatione

440 1574 622 1628 martyrii
644 1571 806 1612 colitur:
829 1568 863 1608 si
885 1563 1045 1615 vixerit,
1065 1575 1136 1616 pro
1157 1558 1419 1600 veneratione
1441 1552 1591 1595 summi
1610 1548 1833 1592 sacerdotis
1853 1546 1963 1600 aspi·-

441 1646 556 1685 citur.
606 1641 755 1682 Contra
781 1637 927 1678 horum
954 1644 1075 1685 supra
1100 1630 1417 1670 memoratorum
1442 1619 1662 1677 prophetas
1686 1614 1966 1671 Apolloniusc,

441 1715 502 1754 vir
532 1708 869 1756 dissertissimus,
900 1700 1063 1768 scripsit
1089 1697 1248 1750 insigne
1276 1693 1468 1735 volumen
1496 1693 1538 1730 et
1563 1687 1749 1740 longum,
1778 1694 1966 1725 asserens

509 1833 771 1914 fb-apegqsshwa
789 1824 1124 1916 llecrggglletllitiilglllserz

510 1892 590 1970 (jag.
606 1922 730 1957 XVIII.
748 1940 789 1944 —
811 1920 838 1953 1.
858 1914 1077 1951 Severianisti
1094 1912 1181 1944 Men.

511 1971 590 2016 Cap.
607 1968 704 2003 XIX.
721 1987 764 1991 —
783 1965 810 1998 1.
828 1962 1079 2006 Catafrigarum
1096 1957 1183 1990 Men.
1201 1953 1502 1992 Montanistarum,
1519 1947 1814 1993 Cataphrygarum
1832 1944 1967 1978 Coteler.

447 2018 539 2050 Eccl.
561 2017 620 2047 Gr.
637 2013 778 2046 Manum.
798 2016 870 2043 tom.
891 2008 920 2042 I.
936 2020 970 2051 p.
989 2004 1063 2038 773.
1134 2002 1163 2035 2.
1180 1999 1345 2037 Montani.
1369 1998 1554 2031 Montanus
1572 1994 1659 2026 Men.
1727 1991 1758 2025 3.
1775 1990 1876 2024 huius
1888 1988 1968 2022 hae-

445 2063 539 2102 resis,
555 2062 660 2094 immo
680 2058 815 2091 Coteler.
830 2056 850 2087 l.
865 2055 885 2087 l.
902 2052 1002 2086 huius
1026 2051 1131 2083 immo
1145 2047 1232 2079 Men.
1300 2045 1332 2077 4.
1349 2053 1456 2077 unum
1467 2041 1635 2074 infantem
1650 2038 1786 2072 coteler.
1800 2037 1820 2070 l.
1834 2036 1855 2068 l.
1867 2034 1969 2068 unius

444 2108 610 2142 infantem
626 2104 713 2137 Men.
783 2101 814 2133 5.
832 2101 1032 2143 compuncto
1049 2093 1245 2128 vulneribus
1268 2091 1339 2124 eius
1357 2086 1556 2133 corpusculo
1576 2084 1713 2118 Coteler.
1729 2083 1750 2116 l.
1763 2083 1785 2115 l.
1808 2090 1970 2126 compun-

446 2159 539 2187 ctum
555 2149 751 2185 vulneribus
769 2147 841 2180 eius
859 2142 1098 2188 corpusculum
1114 2139 1201 2171 Men.
1273 2135 1303 2170 6.
1321 2131 1551 2168 scelestissimi
1569 2130 1707 2163 Goteler.
1722 2129 1743 2163 l.
1757 2129 1777 2161 l.
1803 2125 1971 2161 caelestis-

713 2193 742 2227 7.
759 2190 962 2226 feralissime
986 2187 1075 2220 Men.

1206 1864 1236 1897 2.
1254 1861 1422 1908 Appelles.
1454 1860 1483 1894 A
1500 1856 1676 1892 Corodone
1690 1855 1779 1890 Men.

446 2199 523 2233 simi
540 2197 628 2230 111611.

1246 2295 1366 2328 11311513
1383 2296 1462 2326 511111
1484 2302 1526 2325 ex
1547 2289 1753 2332 Hieronymo
1769 2285 1820 2320 De
1836 2284 1971 2336 Scriptt.

492 2312 572 2356 Cap.
590 2308 696 2343 XVII.
714 2327 756 2331 —
773 2317 802 2339 a.
818 2303 999 2348 Apellitae]
1031 2298 1177 2333 Pseudo-

1244 2340 1372 2374 Eccles.
1389 2350 1416 2371 6.
1433 2337 1487 2370 40.
1514 2334 1742 2380 „Apollonius,
1758 2332 1809 2365 vir
1825 2331 1972 2364 disertls-

448 2356 674 2392 Tertullianus
690 2352 774 2386 Adv.
792 2350 917 2384 Omnes
926 2348 1062 2381 HaereS.
1080 2356 1108 2379 6.
1126 2344 1176 2377 19.

490 2415 523 2447 b.
549 2410 754 2451 aRhodone]
770 2407 997 2448 Hieronymus
1007 2403 1045 2435 de
1056 2401 1178 2445 Script.

448 2460 535 2494 Eccl.
553 2456 651 2502 6.,37.
679 2453 857 2497 „Rh0d0n‚
879 2460 1003 2495 genere
1019 2448 1177 2486 Asianus,

448 2527 491 2531 -
508 2525 550 2530 —
574 2502 677 2536 edidit
698 2499 861 2545 plurima,
889 2494 1177 2540 praecipuumque

449 2552 610 2585 adversus
625 2545 835 2580 Marcionem
851 2551 935 2586 opus
947 2566 954 2580 ,
977 2539 1013 2571 111
1037 2549 1103 2582 quo
1128 2547 1178 2569 re-

447 2597 514 2630 fert
530 2591 699 2640 quomodo
715 2589 782 2635 ipsi
798 2596 932 2633 quoque
944 2586 1031 2618 inter
1045 2594 1081 2615 se
1089 2582 1178 2615 Mar-

450 2642 594 2676 cionitae
611 2638 818 2680 discrepent,
836 2637 868 2666 61
882 2630 1036 2676 Apellem
1052 2638 1179 2667 senem,

449 2688 554 2720 alium
568 2682 788 2720 haereticum,
806 2689 826 2712 a
841 2688 877 2711 se
891 2674 1060 2721 quondam
1072 2673 1180 2706 fuisse

448 2733 577 2766 victum
592 2734 625 2763 et
642 2727 726 2761 risui
739 2725 904 2763 habitum,
922 2732 961 2754 eo
979 2718 1068 2764 quod
1081 2718 1181 2751 deum

451 2788 553 2823 quem
570 2775 695 2809 coleret
710 2773 867 2816 ignorare
885 2778 920 2801 se
937 2764 1092 2800 diceret.⁷’

496 2833 576 2878 Cap.
587 2818 737 2865 XIXI—
755 2838 783 2860 a.
803 2823 1096 2869 Cataphrygarum
1104 2819 1182 2852 hae-

451 2880 550 2921 resis]
573 2871 964 2911 Pseudo-Tertullianus
980 2866 1064 2901 Adv.
1084 2864 1181 2898 Omn.

451 2925 550 2958 Haer.
567 2934 594 2956 c.
611 2920 664 2954 ΞΟ.

496 2982 529 3015 b.
552 2978 721 3013 infantem
737 2971 948 3014 anniculum]
972 2969 1022 3004 Cf.
1038 2968 1183 3012 August.

454 3026 501 3059 De
517 3025 655 3059 Haeres.
673 3032 701 3055 6.
718 3019 772 3054 26.

499 3092 525 3114 c.
550 3078 766 3125 Apollonius]
790 3074 882 3117 Quae
897 3073 975 3108 inde
995 3073 1184 3117 sequuntur

1245 2387 1369 2426 simus,
1401 2382 1536 2427 scripsit
1567 2380 1728 2414 adversus
1759 2377 1972 2415 Montanum,

1244 2431 1394 2464 Priscam
1411 2433 1445 2462 et
1458 2426 1695 2465 Maximillam,
1710 2423 1845 2467 insigne
1857 2425 1890 2454 et
1901 2421 1972 2454 lon·
2019 2422 2022 2434 ¹

1245 2487 1329 2520 gum
1340 2475 1510 2514 volumen,
1522 2473 1559 2506 in
1569 2481 1635 2515 quo
1644 2469 1765 2503 asserit
1771 2468 1974 2501 Montanum

1246 2526 1279 2555 et
1294 2522 1432 2554 insanas
1448 2522 1543 2552 vates
1559 2516 1702 2561 periisse
1718 2511 1917 2558 suspendio,
1941 2513 1975 2544 et

1246 2567 1354 2600 multa
1375 2565 1441 2598 alia
1462 2565 1498 2597 111
1521 2563 1642 2607 quibus
1667 2560 1707 2593 de
1721 2558 1838 2592 Prisca
1853 2560 1887 2589 et
1901 2555 1973 2590 Ma.-
2025 2595 2029 2598 ι

1246 2612 1378 2646 ximilla
1394 2610 1510 2643 refert:
1533 2607 1571 2641 Si
1586 2609 1716 2650 negant
1730 2614 1787 2638 eas
1803 2601 1974 2646 accepisse

1246 2667 1398 2697 munera,
1415 2654 1639 2689 confiteantur
1657 2661 1728 2684 non
1743 2658 1817 2682 esse
1831 2645 1975 2692 prophe-

1248 2708 1299 2737 tas
1317 2702 1375 2747 qui
1390 2700 1574 2745 accipiunt:
1598 2701 1631 2731 et
1645 2694 1736 2729 mille
1751 2692 1815 2726 1100
1831 2693 1974 2726 testibus

1249 2747 1454 2793 approbabo.
1495 2744 1562 2778 Sed
1585 2746 1619 2776 et
1641 2752 1685 2774 ex
1713 2739 1788 2772 aliis
1809 2737 1974 2771 fructibus

1248 2794 1434 2839 probantur
1448 2789 1642 2869 plrophetae.
1663 2785 1725 2818 Dic
1737 2782 1831 2824 mihi,
1848 2783 1975 2815 crinem

1248 2840 1341 2873 fucat
1367 2848 1451 2882 prop
1477 2837 1571 2868 etes‘?
1602 2830 1702 2866 stibio
1734 2828 1849 2862 oculos
1875 2827 1974 2860 linit?

1248 2883 1437 2928 Prophetae
1458 2879 1608 2914 vestibus
1631 2879 1665 2909 et
1686 2873 1831 2918 gemmis
1853 2882 1975 2906 ornan-

1250 2932 1326 2963 tur?
1343 2926 1526 2972 Prophetes
1540 2922 1658 2956 tabula
1670 2918 1759 2954 ludit
1770 2922 1804 2951 et
1813 2917 1950 2952 tesseris
1959 2919 1974 2949 ?

1250 2973 1420 3019 Propheta
1439 2971 1538 3005 fenus
1561 2965 1705 3010 accipit?
1735 2963 1976 3008 Respondeant

1251 3024 1366 3054 utrum
1381 3017 1445 3051 hoo
1460 3014 1535 3049 fieri
1548 3012 1664 3053 liceat,
1687 3020 1731 3043 an
1750 3020 1837 3043 non:
1861 3017 1975 3042 meum

1251 3070 1304 3101 est
1317 3061 1503 3109 approbare
1519 3057 1609 3104 quod
1622 3053 1793 3092 fecerint.‘'
