2052 3342
134 310 200 343 Cap.
219 312 359 337 Lxxxn.

118 516 183 548 Cap.
204 516 354 540 LXXXIII.

124 653 188 685 Cap.
209 653 354 678 LXXXIV.

140 791 204 823 Cap.
224 791 357 815 LXXXV.

381 198 460 240 332
624 195 784 222 IIONORII
803 194 1165 222 AUGUSTODUNENSIS
1185 194 1236 221 DE
1255 195 1489 222 HAERESIBUS
1502 196 1695 224 LIBELLUS.

463 299 663 355 Acephali
684 301 773 340 sine
796 301 930 354 eapite
952 299 1070 350 diet-i3
1092 300 1130 341 A
1151 301 1302 355 quippe
1320 314 1423 353 sinn,
1443 300 1598 356 κεφαλὴ
1617 301 1767 343 dicitur
1782 315 1920 345 CAPVT.

380 370 429 410 Ili
453 371 540 409 sine
563 372 727 409 auctore
750 372 860 420 sunt,
889 372 929 408 et
950 368 1050 409 duas
1073 368 1326 409 substantias
1355 369 1397 409 in
1420 367 1580 410 Christo
1602 373 1768 424 negant⁷
1797 383 1923 412 unam

379 442 568 477 naturam
590 438 632 477 in
655 436 741 477 eIus
764 451 940 492 persona
960 436 1213 491 praedicant.

462 505 495 546 T
500 504 738 546 heodosiani
757 510 797 545 et
821 506 1034 546 Gaianitae
1057 519 1082 545 a
1104 504 1356 546 ¹Theodosio
1374 508 1415 546 et
1433 506 1586 546 Gaiano
1605 506 1809 562 episeopis
1826 505 1922 548 Ale·

379 573 574 615 xandriae
597 574 739 615 exorti.
780 574 833 614 1Ιί
856 587 905 614 ex
927 573 1085 615 duabus
1106 587 1233 614 una-in
1261 575 1302 613 in
1325 573 1487 615 Christo
1509 577 1700 616 naturam
1721 578 1922 616 asserunt.

463 643 664 695 Agnoitae
687 643 738 683 ab
762 643 993 696 ignorantia
1015 642 1127 683 dicti.
1178 642 1231 684 Hi
1253 641 1399 683 dieunt
1424 642 1533 697 quod
1556 642 1707 685 Christi
1729 643 1923 685 divinitas

380 713 540 765 ignoret
560 711 699 751 sutura
719 711 769 752 de
793 710 856 752 die
878 711 1118 753 novissimo.

465 780 690 820 Tritheitae
723 794 747 820 a
773 779 905 821 tribus
938 780 1049 821 dieti.
1100 779 1154 820 Hi
1180 780 1288 820 sieut
1314 776 1401 820 tres
1429 792 1627 835 personas
1655 779 1697 821 in
1725 779 1925 834 trinitate,

380 850 438 889 ita
459 853 650 888 asserunt
671 853 754 889 tres
777 862 867 889 esse
890 848 999 890 deos.

465 917 569 957 Sunt
592 921 632 957 et
653 917 757 957 aliae
780 917 970 957 haereses
993 919 1033 957 et
1050 918 1138 957 sine
1161 915 1412 968 nominibus,
1434 930 1482 957 ex
1501 916 1649 971 quibus
1666 916 1770 958 aliae
1788 917 1924 959 trisor-

380 999 488 1026 mem
509 989 657 1041 putant
674 999 764 1026 esse
783 985 920 1037 deum,
941 984 1043 1025 aliae
1062 984 1212 1025 (Jhristi
1233 983 1493 1025 divinitatem
1509 984 1753 1040 passibilem
1769 985 1926 1039 dieunt,

380 1054 483 1094 aliae
507 1054 658 1094 Christi
682 1055 889 1094 nativitati
913 1053 961 1094 (10
984 1056 1097 1107 patre
1119 1054 1284 1093 initium
1306 1052 1421 1105 dant,
1449 1052 1551 1094 aliae
1573 1067 1700 1094 unam
1721 1055 1925 1109 operatio-

382 1136 475 1162 nem
498 1126 538 1162 et
559 1136 682 1163 unam
703 1122 956 1162 voluntatem
980 1123 1020 1161 in
1043 1121 1203 1162 Christo
1226 1120 1391 1162 deitatis
1413 1125 1454 1161 et
1473 1121 1741 1163 humanitatis
1761 1122 1925 1177 praedi—

381 1195 490 1243 cant,
510 1190 612 1230 aliae
635 1190 920 1231 liberationem
943 1189 1153 1230 hominum
1177 1188 1287 1244 apud
1308 1189 1460 1230 inferos
1482 1189 1636 1230 Christi
1656 1189 1925 1232 descensione

381 1264 545 1311 negant,
573 1259 676 1299 aliae
704 1259 911 1299 hominem
936 1258 997 1298 dei
1030 1259 1252 1311 imaginem
1272 1258 1422 1299 habere
1444 1272 1527 1299 non
1558 1259 1799 1312 aestimant,
1827 1261 1927 1300 item

382 1328 484 1368 aliae
509 1327 556 1368 de
578 1327 720 1368 mundi
745 1331 854 1367 statu
877 1327 1152 1379 dissentiunt,
1181 1326 1284 1367 aliae
1308 1326 1602 1368 inumerabiles
1632 1327 1809 1369 mundos
1837 1329 1925 1384 opi-

382 1402 546 1440 nantur,
577 1396 680 1436 aliae
703 1409 851 1449 aquam
880 1395 954 1435 deo
979 1399 1239 1436 coaeternam
1270 1395 1440 1448 faciunt,
1469 1395 1573 1436 aliae
1601 1395 1723 1438 nudis
1751 1396 1926 1451 pedibus

381 1465 615 1516 ambulant,
643 1464 745 1504 aliae
773 1478 866 1504 eum
894 1464 1131 1505 hominibus
1159 1478 1241 1505 non
1263 1464 1529 1517 manducant,
1559 1464 1664 1505 aliae
1686 1464 1736 1506 de
1759 1479 1926 1521 corpore

383 1533 534 1574 Christi
558 1533 766 1573 dubitant:
785 1546 886 1586 quas
909 1547 1051 1574 omnes
1075 1532 1277 1574 catholiea
1298 1532 1474 1574 eeclesia
1495 1532 1676 1575 damnat.

450 1646 531 1690 Cap.
549 1645 743 1679 LXXXIII.
762 1666 804 1670 —
826 1646 853 1680 l.
883 1646 986 1689 Valqo
1004 1644 1252 1680 Theodosiano.
