2052 3342
227 1364 292 1394 Cup.
312 1364 382 1389 cvl.

1057 226 1253 253 I‘IULASTRI

410 231 487 272 102

409 334 621 376 dominum
649 333 952 383 cogitaverunt,
979 330 1192 372 subtracta
1219 333 1282 371 est
1310 329 1393 371 illis
1421 331 1597 373 seientia
1623 333 1704 373 ista
1732 331 1954 385 caelestis‘,

408 402 448 443 id
470 407 532 441 est
554 401 785 453 linguarum
807 401 991 441 omnium
1012 399 1231 454 prudentia
1251 403 1292 440 et
1313 400 1528 454 sapientia.
1559 400 1610 441 Et
1626 399 1764 442 Heber
1785 400 1954 455 quidem

407 474 575 510 sanetus
603 469 723 522 ⁴quia
752 483 832 508 non
863 468 1055 509 discessit
1082 467 1201 508 adeo
1225 467 1454 509 seeundum
1474 481 1627 509 nomen
1646 469 1822 524 ipsiusss‚
1851 468 1952 510 deus

409 538 534 578 voluit
554 550 682 588 genus·
711 539 798 577 eius
830 536 1029 591 pullulare
1059 536 1259 590 amplius‘,
1288 535 1365 577 hoe
1394 549 1555 590 quoque
1584 538 1752 578 nomine
1773 538 1954 592 primum

408 609 446 647 in
470 605 607 647 seculo
630 607 873 659 nuncupari,
895 610 940 645 ut
961 604 1011 644 ab
1037 605 1183 656 Heber,
1205 606 1273 658 qui
1292 618 1374 645 non
1392 609 1659 646 consenserat
1674 604 1955 647 aedificationi

407 676 528 715 turris
552 673 863 726 rebellantium,
892 673 1096 714 1101111101ΙΙ
1120 674 1285 713 nomine
1308 672 1626 728 appellarentur.
1676 673 1792 715 Prior
1814 675 1953 728 itaque

409 758 487 784 non
511 742 644 783 solum
665 744 853 797 paganis,
874 755 1015 782 verum
1038 742 1162 782 etiam
1185 746 1226 781 et
1247 741 1423 793 Iudaeis,
1444 740 1487 782 id
1509 744 1573 782 est
1592 745 1688 783 ante
1710 743 1949 797 septingen-

406 816 468 853 tos·
491 810 638 851 annosi
667 810 806 851 lleber
835 810 959 850 fuisse
991 811 1251 863 cognoscitur
1279 810 1551 862 iustissimus,
1580 811 1650 864 qui
1675 811 1720 851 in
1741 809 1954 852 dominum

407 880 579 921 credens
603 883 643 919 ot
664 893 688 919 a
709 880 989 919 coniuratione
1013 879 1306 919 sceleratorum
1326 878 1542 919 hominum
1558 883 1772 933 separatus
1794 879 1858 920 sui
1876 891 1952 920 no-

407 949 529 989 minis
560 949 734 1002 primam
768 947 872 987 hane
905 962 929 987 a
960 947 1124 987 domino
1157 947 1508 1001 nuncupationem
1538 947 1689 987 meruit
1715 947 1951 1001 impetrare.

406 1016 525 1057 Unde
548 1020 588 1055 et
609 1017 751 1071 po'etae
775 1017 866 1055 vani
890 1015 1220 1055 aedificationem
1242 1014 1355 1055 illam
1385 1014 1437 1055 ad
1458 1028 1532 1055 sua
1551 1013 1796 1055 mendaciak
1816 1017 1952 1056 trans-

407 1084 584 1124 ferentes
613 1085 797 1136 gigantes
828 1083 1056 1124 docuerunt
1088 1082 1296 1123 ‘'Aloi‹las¹
1325 1082 1418 1123 illos
1452 1082 1702 1124 rebellantes
1729 1082 1953 1125 ascendere

409 1151 586 1192 voluisse
604 1154 646 1192 in
665 1152 822 1193 caelum
840 1166 912 1206 per
928 1152 1237 1205 impositionem
1253 1152 1470 1203 montium,
1487 1155 1609 1205 atque
1625 1150 1722 1192 inde
1740 1163 1809 1193 eos
1825 1151 1953 1193 fuisse

408 1221 635 1262 damnatos.
688 1222 867 1270 Quorum
898 1219 1171 1260 deliramenta
1199 1233 1282 1260 non
1303 1219 1513 1261 latuerunt
1533 1219 1712 1275 amplius
1733 1221 1954 1263 scientiam

407 1304 453 1331 30
476 1291 668 1345 peritiam
690 1289 981 1329 (ln-istianam.

491 1358 583 1399 Alia
604 1362 666 1398 est
686 1357 866 1397 haeresis
889 1357 938 1397 ‹le
960 1370 1067 1397 311110
1089 1358 1356 1398 annuntiatoa
1384 1356 1622 1410 ambigens,
1652 1356 1762 1411 quod
1782 1358 1840 1398 ait
1858 1371 1952 1414 pro-

406 1427 530 1482 pheta
550 1426 691 1467 Esaias
702 1426 738 1465 ¹':
760 1425 1030 1466 Annuntiare
1052 1440 1209 1465 annum
1230 1426 1298 1466 dez·
1317 1424 1623 1480 acceptabilem,
1645 1432 1684 1466 et
1703 1426 1810 1467 diem
1828 1428 1954 1468 ‘retri-

408 1496 598 1537 butionis.
646 1495 799 1536 Putant
827 1508 919 1547 ergo
948 1493 1117 1548 quidam
1145 1493 1255 1547 quod
1284 1506 1335 1534 ex
1362 1507 1440 1548 quo
1469 1495 1584 1535 venit
1611 1493 1802 1536 dominus
1823 1508 1954 1550 usque

491 1620 524 1654 4.
543 1620 625 1665 quia
641 1631 710 1662 eqo.
730 1620 788 1664 qui
806 1620 886 1651 libri
901 1629 1019 1652 (mines.
1075 1618 1106 1652 5.
1124 1617 1285 1651 Haloidas
1304 1617 1461 1659 (Amal),

493 1665 573 1710 Cap.
593 1665 676 1699 CVI.
703 1667 734 1697 iu
754 1665 816 1698 abc
836 1667 1031 1709 iuscripcmn
1050 1669 1097 1697 est
1123 1663 1296 1698 HAEnnsm
1320 1674 1366 1696 ni:
1383 1673 1484 1697 ANNIS
1504 1672 1646 1698 cnmsrr
1663 1675 1706 1698 m·
1723 1675 1886 1700 ‘ramerus
1903 1676 1953 1700 rv-

409 1722 546 1746 mcms.
565 1731 609 1736 -—

403 1837 481 1881 quia
507 1848 625 1870 omnes
650 1847 686 1870 se
714 1836 861 1869 invicem
892 1836 1143 1881 intelligebant,

401 1883 642 1927 habebantque
666 1887 703 1916 ut
726 1893 809 1915 mox
833 1882 1010 1924 subiungit
1032 1882 1143 1915 Phila-

401 1933 429 1961 St
437 1929 517 1967 rius,
529 1930 717 1971 linynarum
729 1930 866 1960 «1171111'11112
878 1928 1142 1969 seientiam(F.)

446 1985 474 2007 e.
500 1978 532 2006 et
556 1985 625 2006 una
646 1974 780 2017 lingua]
816 1972 855 2005 In
883 1972 972 2005 hunc
1002 1984 1143 2007 sensum

400 2019 582 2062 Augustin.
603 2019 642 2052 de
661 2018 730 2052 Civ.
764 2018 827 2051 Dei
843 2018 934 2051 XVI.
959 2019 1006 2051 ll.
1027 2019 1142 2060 „Tunc

401 2062 486 2109 opus
504 2068 575 2097 erat
592 2075 667 2097 eam
681 2065 850 2108 (linguam
864 2064 1065 2097 Helu-aivam
1079 2065 1143 2097 sci-

398 2111 491 2155 licet)
510 2110 675 2153 distingui
699 2109 741 2142 ab
759 2110 833 2142 aliis
859 2110 986 2153 linguis
1004 2111 1142 2143 nomine

399 2156 548 2200 proprio,
562 2155 649 2188 sicut
661 2155 745 2188 aliae
760 2165 895 2199 quoque
909 2159 1049 2188 vocatae
1063 2161 1142 2189 sunt

400 2201 597 2234 nominibus
606 2201 762 2245 propriis.
787 2199 928 2240 Quando
940 2204 1053 2233 autem
1071 2205 1143 2234 erat

400 2257 485 2286 11113,
510 2245 593 2279 1111111
616 2246 707 2278 aliud
728 2256 831 2290 quam
848 2245 999 2279 humana
1023 2247 1142 2291 lingua

401 2296 459 2325 aut
471 2291 623 2324 humana
634 2292 761 2325 locutio
774 2291 971 2332 vocabatur,
992 2303 1058 2336 qua
1069 2293 1143 2325 sola

400 2338 599 2370 universum
629 2347 738 2381 genus
766 2336 956 2370 humanum
980 2338 1142 2381 loqueba-

400 2383 485 2416 tur.’⁷
540 2382 720 2427 (Galeard.)

452 2428 475 2461 f.
500 2428 642 2461 scientia
657 2428 717 2460 illa
733 2428 905 2470 caelestis]
941 2428 1144 2472 Angelicam

400 2474 549 2519 gratiam
566 2473 699 2506 dixerat
716 2484 743 2506 e.
766 2473 837 2506 104.
860 2474 997 2518 linguas
1020 2474 1144 2508 intelli-

402 2519 505 2564 gendi
523 2530 755 2563 quascunque.
805 2519 862 2559 (F.
862 2521 879 2559 )

445 2575 479 2609 g.
510 2564 842 2598 secundumnomen
868 2564 992 2608 ipsius]
1031 2565 1144 2598 Heber

401 2613 490 2651 '7237
508 2621 527 2642 a
544 2609 747 2643 discedendo
765 2610 835 2642 sive
857 2610 1065 2643 transeundo
1082 2622 1143 2644 110-

399 2667 479 2689 men
495 2654 609 2690 habet.
632 2655 733 2688 Liber
749 2655 929 2687 nominum
945 2655 1045 2689 Hebr.
1062 2656 1098 2689 T.
1110 2656 1140 2689 9.

401 2702 452 2746 Op
480 2728 486 2734 .
503 2700 703 2744 Hieronymi
721 2700 799 2733 edit.
817 2700 863 2733 Io.
886 2701 1091 2734 Mareianaei
1108 2713 1139 2745 p.

401 2713 476 2780 203
499 2744 631 2790 ,,’Ὲβερ,
647 2744 789 2789 διάβασις
803 2746 822 2787 ἢ
839 2746 1030 2790 διαπερῶν.”
1050 2747 1139 2780 Hier.

402 2792 525 2833 „Eber‚
544 2792 787 2833 transe'to(·e71z.⁷’
836 2791 909 2832 (F.)

444 2837 479 2871 h.
502 2837 662 2879 Hebraei]
687 2836 810 2870 Confer
822 2836 984 2870 Bocharti
999 2837 1138 2881 phaleg.

400 2884 458 2918 lib.
477 2883 508 2917 2.
526 2893 599 2928 cap.
620 2882 669 2915 14.
689 2885 722 2915 et
737 2882 815 2914 libri
831 2882 862 2915 4.
881 2893 907 2915 0.
925 2883 986 2916 ult.
1035 2882 1108 2923 (F.)

452 2930 475 2962 i.
501 2931 580 2962 ante
597 2927 835 2972 septingentos
854 2929 978 2970 annos]
1005 2928 1140 2972 Septin-

400 2975 513 3019 gentis
527 2973 625 3007 anm‘s
639 2976 717 3006 ante
725 2973 880 3016 Moysen,
893 2972 1050 3007 Iudaicae
1063 2984 1142 3006 con—

403 3020 546 3053 ditorem
561 3018 778 3064 reipublicae.
829 3018 901 3059 (F.)

444 3064 478 3099 k.
503 3064 776 3099 aedificationem
798 3064 893 3098 illam
910 3064 953 3097 ad
970 3074 1033 3098 sua
1048 3075 1142 3098 men-

1212 1834 1323 1877 dacia]
1359 1834 1479 1879 Longe
1509 1834 1574 1869 hoe
1607 1835 1817 1878 credibilius,
1850 1847 1955 1882 quam

1213 1879 1303 1924 quod
1321 1879 1439 1914 Celsus
1457 1881 1548 1925 apud
1565 1880 1749 1926 Origenem
1762 1881 1817 1916 IV.
1831 1893 1864 1927 p.
1881 1882 1953 1916 174.

1212 1926 1259 1958 ait
1274 1925 1419 1970 Moysen
1443 1937 1488 1959 ex
1510 1926 1709 1960 Aloidarum
1730 1926 1849 1961 fabula
1870 1927 1954 1962 hau-

1212 1971 1308 2012 sisse,
1327 1982 1413 2015 quae
1431 1971 1472 2005 de
1488 1971 1652 2006 Babelica
1668 1973 1752 2006 turri
1769 1977 1803 2006 et
1817 1973 1953 2019 lingua-

1212 2028 1287 2049 rum
1301 2017 1500 2051 confusione
1512 2017 1697 2051 memoriae
1709 2017 1867 2062 prodidit.
1878 2019 1952 2060 (F.)

1287 2063 1307 2095 l.
1343 2062 1496 2106 Aloidas]
1541 2063 1637 2096 Aloei
1664 2062 1753 2097 filios
1789 2063 1892 2098 Otum
1920 2068 1954 2099 et

1211 2107 1419 2186 Epgila41tem,
1445 2108 1485 2142 de
1509 2108 1632 2153 quibus
1660 2108 1829 2143 Homerus
1856 2109 1952 2144 Iliad.

1256 2196 1385 2231 ’Όσσαν
1408 2196 1457 2231 ἐπ’
1481 2197 1653 2243 Οὖλύμπω
1678 2199 1826 2254 μέμασαν
1849 2199 1952 2246 θέμεν,

1613 2234 1713 2290 αὖταρ
1729 2244 1780 2278 ἐπ’
1797 2243 1906 2292 ’Όσσῃ

1256 2289 1378 2332 Πήλιον
1401 2288 1640 2380 εἶνοσίφυλλοέ,
1660 2290 1701 2345 ἵν’
1731 2290 1866 2336 οὐρανὸς
1891 2290 1951 2337 ἀμ..

1636 2347 1710 2374 ατος
1728 2335 1806 2379 ε’ίη.”

1214 2380 1338 2415 Confer
1367 2381 1545 2415 Philonem
1571 2381 1737 2416 Iudaeum
1760 2382 1801 2416 de
1824 2381 1951 2417 Confu-

1213 2427 1308 2460 sione
1324 2427 1488 2471 Linguar.
1504 2438 1537 2471 p.
1555 2426 1642 2471 251„
1660 2431 1694 2461 et
1715 2439 1733 2461 e
1755 2429 1951 2462 recentiori-

1212 2473 1276 2506 bus
1292 2473 1460 2506 illustrem
1472 2472 1634 2506 Huetium
1646 2473 1704 2506 lib.
1719 2473 1749 2506 2.
1766 2473 1951 2508 Alnetana-

1211 2529 1288 2595 rili-qm
1306 2518 1553 2558 Quaestionum
1569 2528 1597 2551 0.
1610 2517 1660 2552 12.
1671 2520 1700 2562 ξ.
1711 2518 1783 2564 6.p.
1796 2518 1869 2554 189.
1879 2531 1950 2565 seq.

1212 2565 1229 2603 (
1262 2564 1351 2605 abr.)

1257 2608 1336 2654 Cap.
1355 2608 1438 2643 CVI.
1455 2629 1498 2634 —
1514 2619 1545 2642 a.
1561 2608 1602 2642 de
1619 2619 1709 2642 anno
1725 2610 1949 2652 annunciato]

1210 2653 1259 2687 De
1276 2658 1429 2699 tempore
1447 2654 1536 2699 quod
1550 2654 1815 2699 intelligendum
1830 2655 1875 2688 sit
1888 2666 1950 2700 per

1210 2710 1339 2733 annum
1361 2699 1620 2744 acceptabilem,
1644 2701 1891 2734 annunciatum
1913 2701 1949 2734 iu

1208 2746 1321 2778 verbis
1337 2745 1459 2779 Esaiae
1483 2755 1572 2790 quae
1592 2745 1776 2780 laudantur
1795 2745 1876 2780 Luc.
1891 2745 1949 2780 IV.

1252 2836 1285 2869 b.
1308 2836 1444 2879 Esaias]
1479 2835 1568 2870 LXI.
1585 2835 1616 2869 2.
1647 2835 1950 2881 ᾖΕι’)αγγεῐλίσοιῠθτπιι

1209 2879 1349 2914 ἐνιαυτὸν
1374 2881 1482 2927 κυρίου
1507 2880 1617 2914 ‘osni-bv
1640 2880 1693 2914 καὶ
1715 2880 1836 2926 ἡμέραν
1853 2880 1948 2914 ἄντα-

1211 2927 1409 2965 ποδόσεως.”
1431 2926 1577 2960 Evidens
1599 2929 1716 2960 autem
1728 2930 1780 2960 est
1793 2930 1832 2960 ut
1847 2927 1948 2969 diem,

1209 2972 1257 3005 ita
1273 2984 1336 3006 nec
1352 2983 1481 3006 annum
1497 2983 1518 3005 a
1537 2971 1703 3017 propheta
1724 2971 1790 3005 dici
1812 2972 1948 3017 paecise

1211 3021 1243 3050 et
1260 3018 1390 3059 stricte,
1413 3017 1472 3051 sed
1489 3017 1529 3050 de
1544 3021 1699 3062 tempore
1722 3028 1789 3062 quo
1812 3018 1946 3052 divinae

1211 3063 1420 3109 benignitati
1427 3063 1576 3108 gratiam
1584 3063 1726 3098 suamin
1735 3061 1870 3099 Christo
1885 3074 1946 3109 pa-
