2052 3342
218 444 282 475 Cap.
302 444 357 467 XX.

200 582 264 612 (Hip,
286 581 355 604 XXI.

186 718 249 748 (¹:11³.
271 717 355 741 XXII.

170 854 233 885 οη».
256 855 355 881 xxiii.

175 1059 238 1090 (⁴:⁸21.
260 1059 356 1083 XXIV.

191 1185 254 1216 (⁴:111.
276 1186 356 1209 XXV.

172 1322 240 1354 (κιρ,
258 1323 355 1346 xxvi.

158 1529 223 1560 (wip.
245 1530 355 1553 ,xxx-11.

143 1665 354 1698 Cap.xxv111.

173 1803 237 1835 Cap.
257 1803 354 1828 XXIX.

187 1940 253 1972 Cap.
273 1941 355 1965 xxx.

168 2009 234 2041 Cap.
256 2010 354 2035 XXXI.

158 2078 222 2110 Cap.
242 2078 354 2102 XXXII.

145 2216 209 2247 Cap.
230 2215 356 2239 XXXIII.

148 2286 212 2316 (sap.
233 2284 355 2309 XXXIV.

164 2421 229 2453 Cap.
249 2421 358 2446 XXXV.

149 2558 214 2590 cap.
234 2559 356 2584 xxxvl.

136 2694 200 2726 Cap.
220 2695 357 2720 XXXVII.

885 180 1043 206 IIONORII
1062 179 1420 206 AUGUSTODUNENSIS

383 183 463 225 328

383 301 462 327 non
486 301 509 325 a,
531 285 627 337 deo,
657 285 727 326 sed
756 284 806 325 ab
837 284 992 337 angelis
1020 284 1175 325 factum
1197 288 1399 326 asserunt.
1449 285 1503 327 IIi
1523 285 1733 328 Christum
1752 298 1922 341 passum

384 359 548 405 negant,
570 353 610 393 hi
634 355 825 405 coniugia
846 354 1080 393 communia
1101 352 1266 393 habent.

469 421 690 462 Nicolaitae
713 436 736 461 a
757 421 924 462 Nicolao
955 421 1127 462 diacono
1159 420 1359 476 Stephani
1388 422 1496 462 socio
1527 422 1648 475 dicti,
1677 424 1746 477 qui
1775 436 1921 464 uxores

383 504 478 530 suas
503 503 742 531 communes
764 490 962 530 fecerunt.

467 558 650 599 Gnostici
674 558 724 599 ab
747 558 993 599 excellentia
1015 559 1210 598 scientiae
1234 557 1344 599 dicti.
1378 558 1428 599 Hi
1451 559 1631 600 animam
1647 562 1839 602 naturam
1856 559 1921 600 dei

382 640 470 666 esse
495 626 651 679 dicunt.
673 627 826 668 bonum
850 627 972 667 deum
994 631 1031 667 et
1055 626 1208 667 malum
1234 626 1404 679 lingunt.

466 695 772 750 ('a1·p0cratiani
795 712 815 735 a
840 696 1084 750 Carpocratc
1109 695 1286 748 quodam
1315 694 1428 735 dicti.
1478 694 1530 736 Hi
1553 694 1762 738 Christum
1789 695 1920 738 homi-

383 776 474 803 nem
499 767 661 804 tantum
686 765 734 805 ‹le
758 769 929 818 utroque
953 778 1052 804 sexu
1076 769 1218 803 natum
1239 763 1394 803 dicunt.

465 832 720 872 (¹erintliiani
743 846 766 873 a
788 833 980 873 Cerintho
1005 833 1181 886 quodam
1194 831 1304 872 dicti.
1340 832 1386 872 111
1407 833 1763 874 circumcisionem
1780 833 1921 874 obser-

380 900 547 951 vabant,
569 900 680 940 mille
703 915 833 942 annos
856 903 897 942 in
919 901 1128 956 voluptate
1147 901 1282 941 carnis·
1298 904 1392 955 post
1410 902 1752 942 resurrectionem
1764 901 1921 942 futuros

381 968 688 1022 praedicabant.

465 1037 633 1077 Nazarei
657 1052 680 1077 a
701 1037 904 1078 Nazareth
926 1042 1015 1078 vico
1039 1037 1150 1077 dieti.
1184 1037 1235 1077 111
1258 1037 1467 1078 (hristum
1488 1037 1619 1078 filium
1637 1037 1703 1079 dei
1721 1037 1920 1079 confiten-

381 1109 458 1157 tur,
481 1107 618 1146 omnia
639 1110 779 1146 tamen
803 1107 952 1146 veteris
975 1105 1076 1159 legis
1099 1105 1346 1146 custodiunt.

467 1174 595 1228 (lphis
619 1174 769 1214 dicitur
792 1174 968 1214 coluber.
1002 1174 1102 1214 Indo
1127 1174 1300 1228 (lphitae
1324 1174 1532 1226 haeretici,
1555 1175 1651 1228 quia
1673 1173 1813 1215 colunt
1835 1187 1920 1215 ser-

383 1247 562 1297 pentem,
585 1256 630 1282 eo
654 1242 761 1296 quod
784 1244 823 1282 in
850 1243 1036 1297 paradiso
1061 1242 1265 1283 induxerit
1289 1243 1452 1283 virtutis
1476 1244 1765 1296 cognitionem.

464 1311 743 1352 Valentiniani
767 1326 789 1351 a
812 1311 989 1365 quodam
1012 1311 1232 1351 Valentino
1257 1311 1367 1353 dicti.
1415 1311 1467 1352 111
1489 1311 1628 1352 secula
1656 1310 1858 1365 quaedam
1881 1312 1922 1351 in

381 1380 579 1433 originem
603 1379 665 1420 dei
691 1382 886 1420 creatoris
910 1380 1129 1431 inducunt,
1159 1380 1367 1421 (an-istum
1395 1380 1453 1420 nil
1483 1381 1664 1435 corporis
1694 1379 1743 1420 (10
1764 1380 1922 1433 virgine

380 1450 670 1503 assumpsisse,
693 1448 764 1489 sed
787 1463 858 1503 per
881 1463 970 1489 eain
993 1450 1108 1502 quasi
1132 1462 1281 1502 aquam
1304 1462 1374 1503 per
1397 1448 1579 1489 fistulam
1599 1448 1827 1489 transiisse.

463 1517 667 1572 Apellitae
690 1517 740 1557 ab
764 1517 907 1571 Apelle
940 1516 1117 1571 quodam
1149 1516 1261 1557 dieti.
1312 1518 1362 1557 lli
1387 1516 1596 1557 Christum
1624 1530 1707 1558 non
1737 1516 1858 1558 deum
1881 1517 1921 1557 in

379 1587 566 1638 veritate,
588 1586 661 1626 sed
683 1586 892 1627 hominem
914 1587 955 1626 in
979 1585 1196 1640 phantasia
1217 1586 1457 1641 apparuisse
1480 1585 1634 1626 dicunt.

464 1654 754 1696 ¹Archontiaci
776 1669 797 1695 a
820 1654 1077 1710 principibus
1102 1654 1212 1694 dicti.
1246 1654 1297 1695 Hi
1320 1655 1457 1695 omnia
1478 1667 1601 1709 opera
1622 1653 1689 1694 dei
1710 1666 1833 1708 opera
1848 1667 1922 1694 an-

379 1722 562 1777 gelorum
584 1723 739 1764 dicunt.

463 1792 683 1833 Adamiani
715 1791 814 1832 dicti
847 1792 942 1845 quia
972 1791 1086 1833 Adae
1128 1793 1354 1832 imitantur·
1377 1791 1620 1832 nuditatem.
1670 1790 1780 1832 Nudi
1811 1792 1921 1833 enim

383 1865 512 1910 orant,
537 1864 577 1901 et
598 1860 699 1901 nudi
722 1862 883 1901 coeunt.

465 1929 605 1969 (¹aiani
628 1928 728 1969 dicti
750 1930 845 1982 quia
867 1928 967 1969 Cain
990 1929 1227 1970 ¹honorant.

464 1997 650 2039 Sethiani
663 1997 795 2037 aSeth
809 1997 889 2038 filio
899 1997 1033 2038 Adam
1047 1997 1159 2050 dicti7
1170 1999 1240 2052 qui
1252 1997 1396 2038 dicunt
1406 1996 1585 2039 eundem
1597 2010 1686 2038 esse
1699 1996 1918 2039 Christum.

463 2065 854 2107 Melchisedechiani
877 2066 976 2106 dicti
998 2068 1093 2120 quia
1113 2066 1417 2108 Melchisedech
1448 2079 1530 2107 non
1559 2065 1625 2107 dei
1653 2065 1924 2118 sacerdotem,

383 2134 455 2177 sed
478 2134 545 2176 dei
565 2136 761 2175 virtutem
780 2134 1034 2189 praedicant.

464 2202 654 2256 Angelici
676 2202 775 2243 dicti
798 2204 892 2256 quia
913 2202 1081 2256 angelos
1104 2203 1256 2244 colunt.

464 2270 694 2327 Apostoliei
723 2271 822 2312 dicti
851 2273 921 2325 qui
949 2271 1054 2312 nihil
1082 2273 1295 2326 proprium
1322 2270 1582 2327 possidentes
1611 2283 1694 2313 non
1717 2269 1924 2327 recipiunt

381 2354 450 2383 eos
473 2341 543 2394 qui
565 2339 721 2393 aliquid
741 2341 785 2380 in
805 2339 881 2380 hoc
902 2339 1056 2380 mundo
1080 2344 1262 2381 utuntur.

467 2408 715 2450 Cerdoniani
737 2422 760 2449 a
781 2407 966 2450 Cerdone
989 2408 1167 2462 quodam
1188 2409 1299 2451 dicti.
1351 2409 1405 2451 Hi
1426 2409 1504 2451 duo
1526 2409 1732 2464 principia
1759 2411 1920 2450 contra-

380 2479 441 2521 ria
461 2481 661 2519 asserunt.

464 2546 729 2588 Marcionitae
751 2559 775 2586 a
794 2544 1000 2587 Marcione
1022 2545 1199 2599 quodam
1221 2545 1333 2588 dicti.
1365 2547 1419 2587 Hi
1439 2545 1614 2587 alterum
1631 2545 1797 2597 bonum,
1817 2544 1920 2586 alte-

382 2629 473 2658 rum
484 2616 638 2656 iustum
656 2614 779 2655 deum
795 2617 1000 2666 asserunt,
1016 2616 1215 2668 tanquam
1232 2614 1310 2656 duo
1322 2613 1750 2670 principia1creatoris
1764 2612 1919 2654 dicunt.

465 2683 717 2737 Artotyritae
739 2683 790 2723 ab
813 2682 1018 2724 oblatione
1049 2682 1160 2724 dicti.
1210 2683 1264 2724 Hi
1292 2694 1441 2738 panem
1471 2686 1512 2724 et
1539 2695 1704 2724 caseum
1731 2681 1920 2735 offerunt,

384 2752 569 2794 dicentes
591 2765 616 2792 a
634 2750 779 2806 primis
800 2751 1036 2793 hominibus
1052 2751 1303 2794 oblationem
1319 2766 1344 2793 a
1358 2751 1559 2794 fructibus
1576 2754 1708 2805 terrae
1725 2751 1766 2790 et
1782 2751 1920 2792 ovium

385 2820 648 2862 celebratam.
697 2817 703 2828 ¹

451 2943 532 2988 Cap.
551 2942 710 2978 XXVIII.
727 2963 770 2968 ——
790 2943 819 2977 1.
847 2942 951 2987 Vulqo
968 2942 1183 2979 Aconthiani.

452 2989 532 3034 Cap.
549 2989 666 3023 XXX.
684 3009 726 3013 —
746 2988 775 3022 1.
800 2988 903 3032 Vztho
922 2989 1072 3023 odera-nt.

453 3033 533 3079 Cap.
552 3034 716 3069 XXXVI.
735 3054 778 3058 —
797 3034 826 3069 1.
844 3033 961 3069 Isidor.
981 3035 1098 3080 Origg.
1114 3034 1201 3077 VHI,
1218 3035 1248 3077 5,
1267 3035 1319 3068 ⁴21.
1338 3034 1439 3068 habet
1454 3031 1634 3075 „creatoris
1651 3034 1686 3066 et
1700 3031 1896 3066 bonitatis.”
