2084 3374
673 669 1216 728 PRAEFATIO.

187 911 375 1002 Corpus
410 946 795 1000 Haereseologicum
837 945 962 987 tomis
999 945 1235 987 absolvetur
1270 950 1382 1000 octo,
1425 961 1598 1002 quorum
1640 951 1724 1004 pri-

183 1040 275 1068 mus
297 1027 582 1082 complecti-tur
597 1026 973 1080 haereseographos
993 1027 1174 1068 minores
1190 1026 1373 1081 Latinos,
1395 1027 1499 1068 alter
1520 1032 1560 1068 et-
1580 1028 1725 1070 tertius

183 1107 403 1162 Epiphanii
428 1107 651 1148 Panarium
685 1109 726 1146 et
759 1106 1161 1161 Anacephalaeosin,
1199 1110 1367 1161 quartus
1403 1107 1649 1149 Theodoreti
1687 1113 1727 1149 et

183 1185 573 1239 Pseudo-origenis
594 1185 740 1239 libros,
770 1186 938 1241 quintus
960 1186 1126 1227 Ioannis
1147 1186 1416 1240 Damasceni,
1443 1187 1625 1240 Leontii,
1655 1188 1725 1230 Ti-

182 1266 339 1308 mothei
355 1265 611 1322 compendia,
633 1265 838 1307 adiunctis
859 1265 1033 1307 aliorum
1055 1266 1312 1320 quorundam
1333 1268 1554 1323 opusculis,
1584 1273 1723 1309 sextus

183 1348 344 1390 Irenaei
362 1346 510 1400 libros,
538 1346 739 1402 septimus
760 1351 882 1401 atque
913 1351 1081 1388 octavus
1102 1347 1271 1388 Nicetae
1294 1347 1517 1389 Choniatae
1539 1348 1723 1390 Thesau-

183 1441 276 1469 rum
297 1425 554 1469 Orthodoxae
574 1427 704 1479 Fidei,
724 1427 949 1468 maximam
971 1430 1132 1482 partem
1154 1427 1285 1468 adhuc
1309 1427 1521 1469 ineditum.

267 1507 355 1548 Iam
383 1505 432 1548 de
461 1506 632 1561 singulis
672 1506 786 1548 libris
823 1521 924 1561 quos
961 1507 1118 1562 primus
1153 1507 1218 1549 hic
1249 1507 1562 1563 comprehendit
1592 1512 1725 1550 tomus

185 1587 362 1630 breviter
382 1586 528 1628 dicam.

265 1669 297 1709 Ι,
325 1667 583 1708 Philastrii
604 1668 689 1708 sive
701 1666 1000 1721 Philastri(v.
1013 1667 1058 1709 P.
1074 1667 1320 1710 Galeardum
1337 1668 1387 1709 ad
1404 1669 1556 1710 librum
1572 1669 1613 1711 S.
1627 1668 1722 1711 Phi-

183 1748 315 1790 lastrii
344 1747 393 1788 de
413 1747 665 1789 Haeresibus
686 1748 884 1800 Praefat,
914 1761 1004 1803 pag.
1026 1748 1104 1789 VH
1125 1762 1213 1803 sqq.
1237 1749 1403 1790 Collect.
1427 1750 1533 1790 Vett.
1556 1750 1725 1791 Patrum

182 1827 401 1870 Brixianae
420 1827 653 1880 Ecclesiae,
684 1829 752 1882 qui
781 1827 829 1869 de
857 1827 1037 1869 nominis
1060 1829 1146 1870 eius
1169 1830 1392 1884 scriptura,
1420 1829 1470 1870 de
1491 1832 1643 1885 patria,
1675 1830 1724 1872 de

182 1910 269 1950 vita
284 1912 326 1950 et
340 1911 475 1950 aetate
491 1907 685 1950 Philastri
703 1909 864 1963 copiose
883 1912 924 1949 et
940 1908 1097 1950 erudite
1116 1908 1358 1964 disputavit)
1381 1909 1487 1952 liber
1504 1910 1553 1951 de
1571 1911 1723 1952 Haere-

186 1989 300 2031 sibus
315 1990 496 2045 primum
511 1987 664 2044 prodiit
679 1987 865 2029 Basileae
883 2002 989 2030 anno
1005 1989 1284 2042 MDXXVHL,
1307 2003 1404 2031 cura
1419 1990 1504 2031 Ioh.
1523 1990 1724 2043 Sichardi,

183 2069 261 2112 hoc
287 2068 427 2111 titulo:
453 2069 652 2110 Philastrii
676 2070 851 2121 Episcopi
874 2070 1081 2110 Brixiensis
1105 2071 1339 2111 Haeresemn
1365 2071 1581 2124 Catalogus.
1639 2072 1723 2121 Quo

141 2162 144 2167 ·
185 2149 290 2191 libro
317 2163 444 2191 manu
473 2150 625 2204 scripto
654 2162 753 2190 usus
782 2150 836 2190 sit
864 2149 947 2191 Ioh.
981 2149 1202 2191 Sichardus
1241 2164 1374 2205 neque
1403 2152 1490 2206 ipse
1520 2151 1723 2205 significat

186 2243 319 2285 neque
340 2229 507 2271 aliunde
530 2232 701 2271 constat.
742 2228 943 2270 Editionis
966 2231 1178 2286 principis,
1201 2244 1303 2285 quae
1325 2233 1499 2286 repetita
1522 2236 1585 2272 est
1604 2231 1721 2273 Basi-

185 2309 274 2352 leae
295 2323 402 2351 anno
423 2309 695 2361 MDXXXIX„
716 2310 921 2350 variantes
951 2312 1174 2365 scripturas
1197 2310 1512 2364 diligentissime
1536 2312 1723 2367 excerpsi

187 2394 310 2444 atque
331 2391 539 2441 annotavi,
562 2403 612 2430 ne
636 2390 685 2429 iis
707 2388 874 2443 quidem
894 2390 1056 2431 omissis
1079 2405 1180 2445 quae
1203 2391 1367 2432 levioris
1385 2394 1584 2432 momenti
1607 2392 1720 2433 vide-

187 2473 350 2522 rentur,
375 2473 594 2524 postquam
622 2469 650 2509 Ι.
679 2469 727 2509 Α.
756 2468 988 2511 Fabricium
1016 2483 1064 2511 ea
1091 2484 1213 2526 opera
1240 2473 1377 2512 minus
1405 2471 1524 2526 plene
1555 2472 1719 2527 perfun-

189 2553 299 2591 ctum
312 2562 401 2591 esse
415 2550 597 2603 cognovi.
619 2548 793 2590 Fabricii
808 2548 932 2591 editio
944 2550 1097 2605 prodiit
1109 2551 1335 2604 Hamburgi
1352 2565 1458 2593 anno
1471 2551 1718 2593 MDCCXXI.

187 2629 318 2672 Multa
327 2629 502 2670 feliciter
514 2630 687 2670 correxit
702 2629 762 2669 vir
779 2628 1095 2684 eruditissimus,
1116 2630 1233 2686 plura
1250 2633 1481 2686 temptavit,
1503 2631 1639 2672 omnia
1657 2631 1718 2671 di-

188 2709 459 2763 ligentissime
474 2710 768 2764 interpretatus
786 2712 868 2761 est,
895 2714 938 2750 at
954 2709 1093 2751 codice
1111 2712 1262 2766 Scripto
1280 2725 1377 2752 usus
1400 2715 1462 2752 est
1483 2710 1605 2763 nullo,
1627 2723 1718 2751 eum

190 2802 283 2844 spes
319 2803 446 2830 manu
485 2790 640 2830 exarati
667 2787 838 2830 alicuius
873 2789 1121 2844 exemplaris
1150 2804 1222 2845 per
1251 2790 1486 2832 Gisbertum
1517 2790 1718 2844 Cuperum

191 2882 241 2910 ex
259 2867 380 2910 Italia
399 2868 612 2910 obtinendi
635 2882 730 2909 eum
750 2867 975 2955 fefellisset.
1025 2869 1201 2912 Fabricii
1223 2870 1444 2912 editionem
1475 2870 1635 2923 excepit
1654 2868 1717 2910 lu-

192 2947 474 2990 culentissima
493 2948 565 2990 illa
584 2947 700 2990 Pauli
724 2947 933 3002 Galeardi,
955 2949 1025 3003 qui
1045 2949 1206 2991 Brixiae
1229 2964 1334 2992 anno
1356 2948 1716 2992 MDCCXXXVIII.

190 3029 235 3069 in.
254 3027 501 3071 Collectione
522 3029 717 3069 Veterum
743 3027 912 3070 Patrum
931 3028 1138 3071 Ecclesiae
1164 3029 1390 3071 Brixiensis
1419 3032 1579 3084 praeter
1605 3029 1712 3070 Gau-
