2052 3342
152 775 217 806 Cap.
238 775 324 801 XLII.

137 911 202 943 Cap.
223 911 322 935 XLlll.

143 1264 207 1296 Cap.
227 1264 324 1290 xmv.

155 1663 221 1696 Cap.
241 1664 323 1689 xnv.

348 199 428 240 300
648 197 1030 224 PSEUDo-Hmnomrm
1049 198 1247 223 IchrLUs
1268 199 1316 224 m:
1336 198 1576 224 HAERESIBUS.

348 304 543 343 cientium
560 303 791 342 coitionem.
822 301 871 342 Et
883 301 934 342 ad
948 301 1271 342 confirmandam
1287 301 1591 344 ⁵huiuscemodi
1607 304 1877 358 impietatem,

349 384 448 424 quae
472 369 593 410 deum
616 371 763 409 asserit
783 384 804 410 a
827 383 901 410 sua
920 383 1084 410 versum
1107 373 1266 421 natura,
1290 373 1439 423 cogunt
1460 371 1735 424 evangelistae
1758 371 1875 411 testi-

347 439 528 479 monium
549 437 738 489 dicentis,
760 437 809 478 Et
830 439 999 479 verbum
1022 452 1113 477 caro
1133 437 1284 478 factum
1302 442 1381 483 est:
1405 437 1513 491 quod
1531 440 1586 478 ita
1602 440 1877 493 interpretan-

347 512 429 546 tur:
451 505 600 546 Divina
622 511 766 546 natura
787 507 826 545 in
850 505 1073 546 humanam
1094 519 1214 546 versa
1234 511 1306 545 est.
1357 505 1413 543 ⁶0
1435 505 1699 547 abolitionem
1727 505 1787 546 illi
1814 507 1878 546 in-

346 573 525 614 violabili
547 573 869 629 ⁷impingentem
887 573 1162 614 substantiae!
1196 574 1324 614 Huius
1342 574 1564 628 impietatis
1586 574 1792 615 Sinitiator
1807 572 1879 614 Ti-

347 642 554 694 motheus,
583 642 689 697 apud
718 642 860 682 Bizam
886 642 1127 695 ”Bithyniae
1157 641 1275 681 inodo
1299 641 1468 682 exulans
1491 643 1720 694 civitatem,
1748 643 1880 682 conti-

348 712 483 750 nentis
506 714 543 750 et
567 711 778 763 religiosae
801 711 908 751 vitae
931 711 1147 763 ¹⁰imagine
1170 709 1312 750 multis
1335 709 1479 750 illudit.

431 778 670 819 l3onosiaci¹¹
692 793 715 818 a
735 778 893 819 Bonoso
916 778 1093 832 quodam
1115 780 1306 832 episcopo
1325 777 1567 832 produntur,
1589 779 1658 831 qui
1675 777 1882 819 Christum

350 846 477 887 fllium
500 846 565 887 dei
587 847 838 902 adoptivum,
860 861 940 887 non
965 847 1190 901 proprium,
1211 850 1413 887 asserunt.

431 914 655 969 Acephali¹³
676 914 796 966 dicti,
828 915 868 955 id
896 920 958 955 est
986 915 1074 955 sine
1105 916 1237 969 capite
1266 928 1388 968 quem
1417 918 1645 968 sequuntur
1671 913 1880 955 haeretici.

347 983 493 1024 Nullus
522 985 632 1023 enim
661 996 800 1024 eorum
830 985 1030 1037 reperitur
1058 988 1198 1023 auctor
1225 997 1249 1022 a
1277 996 1354 1036 quo
1376 984 1505 1023 exorti
1528 986 1635 1023 sunt.
1685 983 1737 1023 Hi
1758 982 1883 1023 trium

349 1050 749 1092 Chalcedonensium
785 1051 1055 1105 capitulorum
1093 1053 1398 1105 impugnatores
1436 1051 1608 1091 duarum
1641 1051 1684 1091 in
1720 1049 1882 1091 Christo

348 1120 671 1160 substantiarum
691 1121 984 1174 proprietatem
1006 1123 1170 1171 negant,
1192 1123 1232 1159 et
1252 1133 1376 1159 unam
1398 1119 1440 1159 in
1462 1120 1549 1160 eius
1566 1131 1743 1173 persona
1763 1121 1883 1159 natu-

349 1202 436 1229 ram
458 1187 710 1242 praedicant.

432 1255 705 1297 Theodosiani
729 1260 769 1296 et
791 1256 1028 1296 Gaianitae³
1049 1254 1241 1309 appellati
1265 1269 1288 1294 a
1309 1255 1540 1296 Theodosio
1563 1259 1605 1295 et
1626 1255 1794 1307 Gaiano,
1815 1253 1886 1308 qui

349 1324 600 1379 temporibus
623 1324 837 1364 Iustiniani
872 1325 1069 1378 principis
1099 1323 1138 1363 in
1162 1323 1413 1363 Alexandria
1440 1322 1579 1378 populi
1600 1323 1781 1378 perversi
1802 1322 1885 1363 ele-

349 1394 482 1435 ctione
504 1406 584 1433 11110
608 1392 672 1433 die
695 1396 791 1433 sunt
812 1392 989 1433 ordinati
1011 1393 1207 1446 episcopi.
1239 1391 1289 1432 Hi
1314 1392 1461 1432 erroris
1484 1391 1701 1445 ¹Eutyehis
1724 1394 1764 1431 et
1785 1389 1885 1431 Dio-

350 1463 455 1502 scori
496 1465 715 1514 sequentes
756 1460 1092 1501 (fhalcedonense
1130 1459 1350 1501 concilium
1385 1463 1603 1514 respuunt,
1641 1472 1689 1500 ex
1727 1457 1886 1500 duabus

346 1543 471 1570 unam
494 1531 535 1570 in
557 1529 718 1569 Christo
740 1534 929 1569 naturam
950 1532 1160 1580 asserunt,
1189 1541 1310 1582 quam
1332 1527 1609 1570 Theodosiani
1637 1530 1886 1582 corruptam,

349 1598 561 1639 Gaianitae
584 1599 865 1651 incorruptam
888 1596 1155 1638 contendunt.

432 1666 655 1719 ¹Agnoitae
678 1670 719 1705 et
739 1665 989 1705 Tritheitae²²
1011 1679 1034 1705 a
1055 1664 1353 1706 Theodosianis
1377 1666 1507 1706 exorti
1528 1667 1645 1717 sunt,
1668 1677 1717 1704 ex
1739 1663 1887 1718 quibus

348 1734 572 1788 2Agnoitae
595 1735 645 1775 ab
667 1733 900 1787 ignorantia
923 1733 1043 1784 dicti,
1071 1735 1167 1787 quia
1194 1734 1453 1786 perversitati
1483 1747 1507 1773 a
1533 1746 1612 1786 qua
1640 1733 1771 1774 exorti
1793 1734 1890 1773 sunt

349 1803 391 1844 id
412 1802 626 1854 adiiciunt,
649 1802 757 1856 quod
779 1801 932 1842 Christi
955 1801 1149 1842 divinitas
1167 1801 1326 1854 ignoret
1342 1801 1478 1841 sutura
1495 1814 1597 1855 quae
1620 1803 1717 1842 sunt
1734 1801 1890 1855 scripta

350 1871 398 1912 de
432 1870 496 1912 die
529 1874 570 1911 et
601 1870 700 1911 hora
730 1871 976 1922 novissima,
1012 1883 1088 1910 nec
1119 1869 1382 1911 recordantes
1414 1868 1565 1910 Christi
1596 1882 1817 1925 personam
1846 1869 1890 1909 in
1926 1878 1935 1887 ·

348 1939 493 1980 Esaiab
514 1938 741 1992 loquentis,
771 1938 869 1978 Dies
892 1937 1033 1978 iudicii
1062 1938 1104 1978 in
1127 1938 1248 1979 corde
1270 1952 1374 1978 meo.
1425 1936 1676 1978 3Tritheitae
1698 1950 1794 1978 vero
1814 1949 1888 1977 vo-

351 2009 431 2049 cati
448 2007 556 2062 quod
574 2007 680 2047 sicut
697 2011 780 2047 tres
798 2020 996 2061 personas
1015 2006 1056 2046 in
1072 2008 1271 2059 trinitate,
1292 2005 1373 2060 f²ita
1390 2019 1550 2060 quoque
1568 2009 1652 2047 tres
1670 2005 1891 2046 adstruunt

351 2076 447 2117 deos
469 2089 581 2127 esse,
610 2079 752 2115 eontra
778 2074 880 2115 illud
909 2075 1016 2128 quod
1039 2074 1240 2129 scriptum
1267 2078 1348 2127 est,
1376 2074 1486 2115 Audi
1505 2073 1676 2127 Israe'l0,
1699 2072 1889 2115 dominus

351 2144 450 2185 deus
471 2147 566 2184 tuus
589 2142 688 2183 deus
710 2157 816 2184 unus
839 2147 913 2183 est.

434 2212 539 2253 Sunt
555 2215 595 2252 et
613 2211 735 2252 aliaed
755 2212 947 2252 haereses
966 2212 1054 2251 sine
1072 2215 1237 2252 auctore
1256 2215 1298 2251 et
1315 2212 1402 2252 sine
1421 2210 1658 2252 nominibus
1678 2224 1728 2251 ex
1740 2209 1889 2265 quibus

350 2281 452 2321 aliae
466 2280 696 2321 triformem
707 2284 854 2334 putant
872 2293 961 2320 esse
980 2279 1134 2332 5deum,
1154 2280 1256 2320 aliae
1270 2279 1424 2321 Christi
1441 2279 1700 2320 divinitatem
1710 2278 1888 2334 passibi-

350 2350 430 2390 lem
452 2348 614 2401 dieunt,
636 2348 739 2388 aliae
763 2347 915 2388 Christi
938 2347 987 2388 de
1008 2352 1122 2403 patre
1145 2348 1353 2388 nativitati
1373 2347 1540 2388 initium
1559 2347 1757 2402 temporis
1779 2346 1890 2388 dant.

415 2426 447 2460 5.
464 2426 660 2460 huiusmodi
676 2428 726 2460 ed
747 2425 870 2459 Beued.
906 2426 935 2460 6.
954 2426 996 2459 ob
1014 2426 1233 2460 abolitionem
1251 2427 1338 2460 Men.
1364 2426 1395 2461 7.
1414 2426 1672 2470 impingentes
1661 2424 1750 2458 Men.
1804 2424 1891 2460 ,ini

349 2473 450 2506 tiator
468 2485 536 2515 eqo.
553 2472 706 2505 initiatur
718 2471 806 2504 Men.
823 2471 959 2504 initium
973 2473 1014 2504 ed
1026 2471 1150 2505 Bened.
1176 2472 1206 2505 9.
1224 2471 1394 2505 Bithiniae
1411 2472 1499 2505 Men.
1535 2471 1586 2505 10.
1598 2471 1786 2516 imaginem
1780 2423 1890 2504 8Men.

417 2518 497 2563 Cap.
514 2517 634 2552 XLIV
651 2517 741 2550 —l.
759 2516 849 2560 Euty
851 2516 958 2550 ehetis
978 2517 1067 2549 Men.

417 2563 499 2609 Cap
518 2563 622 2597 XLV.
641 2583 684 2587 ——
704 2562 731 2595 1.
752 2562 895 2596 Gnoitae
913 2566 947 2595 et
962 2562 1125 2596 Tritoitae
1144 2563 1230 2597 Men.
1301 2563 1331 2595 Q.
1351 2561 1496 2596 Gnoitae
1512 2562 1601 2595 Men.
1670 2561 1701 2596 3.
1721 2561 1889 2595 Tritoitae

352 2610 440 2643 Uen.
509 2609 540 2642 4.
558 2609 594 2642 in
611 2619 774 2653 quoquei
763 2608 852 2641 Men.
922 2607 953 2642 5.
974 2607 1075 2640 deum
1093 2609 1184 2641 edzdz'
1201 2621 1239 2641 ex
1258 2609 1401 2642 Isidoro.
1419 2607 1594 2641 Christum
1608 2607 1699 2642 Men.

395 2676 477 2722 Cap.
494 2675 600 2710 XLII.
618 2697 662 2701 —
687 2687 716 2710 a
734 2675 933 2718 Bonosiaci]
958 2675 1086 2708 Eadem
1154 2676 1294 2720 ianitae]
1312 2675 1441 2709 Eadem
1453 2675 1576 2709 iisdem
1587 2675 1700 2709 verbis
1712 2673 1815 2708 refert
1827 2673 1888 2707 Isi-

349 2724 511 2768 leguntur
529 2721 747 2766 apudIsidor.
759 2721 877 2765 Origg.
888 2720 975 2762 V‚111
991 2720 1022 2762 5,
1031 2720 1085 2754 52.
1158 2721 1228 2754 dor.
1248 2721 1366 2766 Origg.
1384 2720 1471 2762 V,III
1488 2720 1520 2762 5,
1537 2720 1590 2754 67.

352 2788 950 2880 or?;5{fi{1}ss-sst3.dssffizrss{
966 2788 1088 2866 1616111
1155 2747 1891 2856 ]“1161611111186;1Τ11ἑῗξὲ

351 2886 466 2914 tamen
501 2891 629 2925 „quem
666 2884 856 2924 sequuntur
899 2878 1086 2912 haeretici⁷
1157 2857 1182 2889 x
1187 2857 1293 2935 13⁹&
1308 2856 1376 2935 {Za
1378 2903 1425 2945 ia]
1452 2902 1494 2936 Es
1521 2899 1631 2934 LXIII
1669 2899 1689 2932 4

351 2927 516 2960 Asevalus
548 2926 674 2970 aliique
706 2925 850 2958 editores
889 2925 1087 2965 omiserunt,
1202 2931 1232 2979 c:
1254 2928 1344 2981 Audi*
1359 2947 1477 2989 Israffl]
1498 2925 1768 2986 ‘Deutert'nsvn
1785 2944 1815 2978 4·

353 2982 561 3016 quamquam
570 2970 799 3015 reperiuntur
791 2981 826 3002 111
835 2970 968 3014 seliptis
981 2969 1087 3003 libris.
1203 2992 1233 3025 d.
1260 2992 1347 3026 Sunt
1357 2996 1389 3025 et
1398 2993 1498 3034 anae]
1513 2990 1605 3024 Haec
1614 3000 1722 3034 usque
1733 2989 1774 3023 ad
1786 2989 1890 3024 finem

398 3038 478 3084 Cap.
495 3039 614 3073 XLIV.
630 3059 672 3063 -—
685 3049 714 3072 a.
731 3037 961 3071 Theodosiani
973 3041 1007 3071 et
1021 3037 1087 3071 Ga·
1157 3036 1259 3071 habet
1274 3038 1392 3072 Isidor.
1410 3037 1526 3080 Origg.
1544 3034 1631 3076 VIII,
1648 3034 1679 3076 5,
1697 3034 1750 3069 69.
