2052 3342
368 237 449 277 370

413 335 625 380 ('³1³·V¹¹·-
647 333 807 366 Omnium
827 332 1003 366 hominum
1023 333 1085 366 erit
1102 333 1320 375 resurrectio]
1345 333 1490 376 Cyrillus
1499 332 1630 368 Hieros.
1648 333 1683 367 in
1699 332 1755 367 IV.
1774 331 1910 367 Catech.

369 379 650 423 illuini11at.p.u7.
677 377 779 410 'ma
797 379 832 410 τὸ
852 378 907 422 μὲν
926 376 1096 419 ἀναστῆναι
1114 376 1242 410 πάντων
1260 376 1343 410 ἐστὶν
1362 376 1551 431 ἀνθρώπωνῖ
1570 378 1633 424 οὐχ
1649 377 1747 423 ὅμοια
1764 377 1799 411 δὲ
1816 378 1910 411 πᾶσιν

367 427 385 468 ἦ
406 424 581 462 ἀνάστασις.
619 422 733 460 Πάν-,ες
752 423 807 467 μὲν
822 423 882 468 γὰρ
902 421 1012 455 αἰώνια
1029 421 1236 468 λαμβάνομεν
1253 423 1292 455 τὰ
1309 422 1458 468 σώματα,
1476 420 1560 456 ἀλλα
1577 423 1636 468 οὖγ
1653 423 1750 469 ὅμοια
1764 422 1910 461 ἅπαντες.

368 471 407 504 Οἱ
425 472 539 502 δίκαιοι
564 468 618 513 μὲν
638 468 697 520 γὰρ
719 468 772 500 ἵνα
797 468 1025 507 διαῑωνίζῡντες
1052 467 1201 513 ἀγγέλοις
1222 469 1496 514 συγχορεύσιιωιν.
1537 467 1576 502 Οἱ
1593 463 1845 514 δῖἁμαρτωλοῖ,
1858 468 1912 501 ἵνα

369 515 407 554 εἷς
427 514 540 552 αἰῶνας
560 517 622 546 ’.ὧν
638 512 877 558 αμαρτηματων
892 513 1087 559 ὑπομείνωσι
1105 514 1159 546 τὸν
1178 512 1327 557 βάσανον.
1368 514 1442 548 vid.
1466 514 1701 548 Damascenus
1719 514 1759 548 de
1774 513 1842 548 fide
1860 524 1913 547 or-

366 561 514 594 thodoxa
535 561 590 592 1111.
613 559 664 592 IV.
683 570 754 603 cap.
772 559 931 592 XXVIII.

434 606 508 639 Non
527 605 622 637 dahis
637 610 794 637 sanctum
810 611 908 638 tuum
922 604 1034 638 videre
1049 606 1319 650 corruptionem]
1343 604 1460 638 Isidor.
1474 604 1666 650 Hispalens.
1680 605 1721 639 de
1733 608 1912 639 resurrect.

367 652 495 684 domini
516 662 589 695 cap.
616 650 698 683 1.111.
739 649 972 693 Chrysostom.
998 651 1031 683 in
1056 650 1182 684 I’salm.
1206 650 1386 684 XXXVII.
1427 650 1636 684 Athanasius
1660 650 1912 684 Alexandrinus

367 702 496 729 tractat.
516 696 555 727 «le
573 695 760 727 111-1111111011.
779 696 836 728 fol.
855 695 908 728 5⁸.
927 700 1007 729 tom.
1028 697 1056 730 2.
1098 696 1299 740 Fulgentius
1319 696 1359 728 ad
1377 695 1645 729 Trasimundum
1657 695 1789 742 Regem
1806 696 1863 729 lib.
1880 694 1912 729 3.

367 743 424 775 fol.
444 743 495 774 ⁶25.
538 741 769 773 Damascenus
784 741 824 773 de
842 740 907 773 fide
926 740 1116 774 orthodoxa
1133 742 1190 776 lib.
1209 743 1239 774 3.
1258 752 1331 785 cap.
1347 741 1508 775 XXVIII.

434 786 655 819 Inniutandos
680 786 720 818 ad
746 787 1035 830 incorruptionem
1058 798 1132 827 eos,
1165 787 1223 831 qui
1246 787 1280 819 in
1303 786 1451 819 adventu
1474 786 1604 820 domini
1626 786 1695 820 vivi
1716 786 1914 820 inveniendi

366 834 460 874 sunt]
488 831 570 864 Vide
587 832 784 875 Ilierouym.
802 832 843 865 ad
860 832 1043 865 Minerium
1061 837 1094 865 ct
1111 832 1345 865 Alexandrum
1363 833 1459 876 epist.
1478 831 1574 865 CLII.
1613 831 1861 866 Oecumenium
1877 832 1912 865 in

366 878 497 922 epistol.
521 877 618 909 Pauli
643 877 685 909 ad
709 876 860 910 Corinth.
887 877 909 910 I.
933 889 1006 922 cap.
1023 878 1098 911 XV.
1139 877 1306 911 Thomain
1328 878 1488 921 Aquinat.
1512 877 1547 910 in
1571 888 1589 911 e
1614 877 1668 910 ist.
1693 877 1737 911 ad
1752 876 1871 911 Thess.
1888 876 1914 910 I.

367 934 439 968 cap.
460 923 512 955 lv.
538 923 613 955 lect.
640 924 668 955 L).
711 922 847 955 Petrum
871 923 1053 958 Lornbard.
1081 928 1226 957 sentent.
1252 924 1308 956 lib.
1333 922 1388 955 IV.
1413 923 1562 956 distinct.
1622 921 1707 956 LIII.
1747 921 1914 967 Gyrillum

366 969 589 1011 Ilierosolym.
609 967 784 1001 catechesi
798 968 889 1001 XIV.
908 969 1087 1002 illuminat.
1101 969 1159 1001 fol.
1179 968 1249 1002 138.
1275 969 1459 1011 Augustiu.
1477 968 1517 1001 de
1531 968 1669 1002 civitate
1682 967 1746 1001 dei.
1760 968 1817 1002 lib.
1831 967 1913 1002 XX.

365 1026 439 1058 cap.
458 1013 554 1047 XIX.
580 1014 718 1046 sixtum
735 1013 878 1047 Senens.
899 1013 1050 1047 biblioth.
1069 1018 1209 1047 sanctae
1228 1014 1284 1047 lib.
1305 1014 1357 1048 VI.
1375 1018 1527 1047 annotat.
1541 1012 1700 1048 CCLXV.
1724 1011 1913 1047 Iohannem

367 1060 405 1092 tle
425 1061 557 1092 (lerson
575 1059 615 1091 de
633 1059 786 1091 articulis
803 1059 881 1092 fidei
899 1065 983 1103 part.
1003 1060 1032 1092 2.
1050 1060 1108 1093 fol.
1126 1059 1178 1093 25.

434 1106 514 1149 Cap.
533 1104 617 1136 VIII.
635 1125 677 1129 —
700 1104 884 1146 Diodorus]
910 1105 1079 1138 Diodorus
1097 1105 1274 1139 Tarsensis
1291 1105 1425 1149 putavit
1440 1105 1732 1150 incorruptionem
1747 1104 1783 1137 in
1799 1103 1914 1138 futuro

367 1151 488 1183 iudicio
519 1160 736 1183 communem
762 1151 916 1183 omnium
945 1150 1111 1191 futuram,
1136 1151 1413 1183 immutationem
1437 1154 1552 1184 autem
1575 1161 1636 1195 pro
1663 1150 1711 1183 rIe
1733 1149 1913 1184 Iustorum.

365 1196 559 1238 Hieronyin.
574 1196 670 1239 epist.
686 1195 781 1227 CLII.
799 1195 840 1228 ad
857 1196 1041 1229 Minerium
1060 1201 1093 1228 et
1109 1196 1354 1229 Alexandrum.
1379 1197 1488 1229 Autor
1504 1196 1561 1229 lib.
1576 1195 1617 1229 de
1647 1194 1700 1229 ’de
1717 1195 1760 1228 ad
1776 1194 1915 1229 Petrum

367 1241 557 1273 Diaconum
575 1241 664 1285 apud
682 1241 865 1285 Augustin.
884 1246 965 1274 tom.
982 1242 1012 1274 3.
1031 1242 1088 1275 fol.
1110 1241 1182 1276 1:33.

435 1287 536 1319 Vivos
554 1297 622 1324 eos,
641 1286 745 1330 quiin
764 1296 865 1319 carne
883 1287 1077 1320 inveniendi
1095 1291 1185 1328 sunt,
1203 1286 1388 1329 credimus]
1427 1286 1610 1331 Augustin.
1629 1286 1670 1320 de
1687 1285 1754 1320 fide
1772 1289 1805 1319 et
1821 1296 1914 1330 sym-

367 1332 443 1365 bolo
461 1336 542 1364 tom.
561 1331 614 1363 III.
634 1342 706 1375 cap.
724 1331 812 1364 VIII.
834 1332 868 1364 iu
892 1331 1077 1365 enchiridio
1097 1332 1138 1365 ad
1163 1332 1386 1366 Laurentium
1405 1343 1478 1377 cap.
1495 1332 1563 1367 LV.
1589 1332 1630 1366 de
1646 1331 1734 1366 VIII.
1774 1331 1914 1365 Dulcitii

365 1382 496 1421 quaest.
522 1382 604 1409 tom.
625 1376 678 1410 IV.
704 1377 896 1421 quaestion.
921 1377 952 1410 3.
993 1377 1228 1422 Chrysostom.
1251 1382 1333 1411 tom.
1360 1378 1399 1412 V.
1422 1378 1458 1411 in
1481 1389 1600 1422 expos.
1624 1377 1789 1422 symboli:
1839 1376 1916 1411 Vivi

366 1429 589 1466 (tynoseuntar
605 1425 661 1465 qui
676 1425 710 1454 in
728 1434 868 1467 corpore
884 1430 980 1456 eruut
996 1426 1029 1456 ιἰι
1047 1425 1191 1457 adt-enta
1209 1425 1342 1464 domini,
1360 1425 1483 1456 mortui
1498 1426 1554 1467 qui
1565 1435 1605 1456 ex
1621 1423 1688 1456 Ιιασ
1701 1423 1774 1456 luce
1787 1424 1914 1467 miqra-

367 1474 490 1500 verunt.

433 1512 512 1557 Cap.
529 1512 587 1545 IX.
603 1533 646 1537 ——
663 1512 738 1546 Nou
752 1513 929 1546 credamus
943 1515 1194 1548 restitutionem
1207 1514 1358 1548 futuram
1372 1525 1476 1559 quam
1490 1513 1658 1559 Origenes
1671 1513 1804 1559 delirat]
1818 1512 1915 1548 Beda

365 1559 511 1602 exposit.
529 1559 563 1591 in
578 1558 705 1592 salom.
719 1558 854 1593 Prover.
869 1560 926 1592 lib.
941 1559 965 1594 Ι.
981 1571 1007 1593 c.
1023 1560 1053 1593 ἱ).
1068 1560 1125 1594 fol.
1141 1560 1217 1593 881.
1254 1560 1457 1604 Ore'yem'ani
1468 1560 1660 1600 haereticis,
1674 1559 1913 1599 meretricibus,

365 1607 553 1648 cunctisque
563 1605 812 1647 flaye'tiosornm
827 1605 942 1645 turbis,
958 1612 989 1638 et
1001 1608 1135 1650 insuper
1147 1608 1215 1650 ipsi
1227 1606 1360 1639 diabolo
1378 1611 1474 1649 atque
1487 1606 1618 1649 anqelz's
1631 1608 1710 1646 eius,
1723 1611 1804 1650 post
1818 1607 1913 1638 innu-

364 1661 456 1682 mera
467 1651 884 1693 live!espletz‘universali-s·
893 1653 1015 1683 iudicii
1022 1657 1180 1695 tempora,
1196 1654 1419 1684 remissionem
1435 1652 1606 1691 scelerum,
1621 1653 1725 1684 vitam
1750 1662 1789 1683 ue
1804 1661 1847 1683 ae
1861 1661 1914 1683 re·

362 1697 664 1738 ymtmpromittunt
676 1696 842 1728 incaelis:
860 1697 945 1729 male
958 1698 1177 1740 intelliyentes
1193 1697 1279 1729 illud
1294 1696 1443 1729 Esaiae:
1461 1702 1493 1729 et
1507 1697 1707 1730 claudentur
1720 1698 1735 1729 ‘i
1756 1698 1820 1729 iin
1836 1707 1914 1729 car-

365 1752 448 1779 cere,
467 1746 497 1772 et
509 1746 586 1784 post
602 1742 672 1773 alie-s*
690 1742 805 1773 multos
820 1742 1055 1776 visitabuntur.
1100 1741 1209 1780 Quasi
1224 1748 1304 1786 post
1319 1742 1422 1775 multa
1440 1748 1589 1786 tempora
1606 1743 1779 1774 terminati
1792 1742 1915 1774 iudicii

363 1787 534 1818 solz-endas
551 1798 592 1818 ac
613 1787 796 1818 salz-andos
819 1788 944 1819 dixerit
967 1790 1100 1832 impio-9,
1124 1800 1196 1820 eum
1220 1788 1276 1820 ille
1301 1800 1317 1819 e
1341 1789 1529 1827 contrario,
1552 1788 1679 1820 nullam
1703 1789 1751 1820 eis
1773 1787 1913 1820 salutem

365 1831 508 1863 tribuat.-
524 1832 584 1863 sed
600 1837 630 1863 et
646 1843 707 1871 eos,
726 1834 782 1875 qui
797 1832 858 1864 hoc
876 1838 1018 1876 tempore
1035 1835 1157 1866 mortui
1166 1845 1256 1877 prae
1273 1835 1467 1866 enormitate
1474 1833 1699 1877 flayitiorum,
1717 1833 1834 1866 claudi
1848 1843 1913 1865 me-

366 1882 479 1908 rentur
495 1878 528 1908 in
547 1888 687 1908 carcere
699 1888 895 1920 poenarum,
919 1884 1065 1922 tempore
1081 1881 1339 1911 resurrectionis
1361 1880 1410 1911 ad
1423 1879 1586 1911 modicum
1602 1878 1790 1911 visitandos
1809 1879 1914 1922 siqni-

357 1923 440 1965 fieet
455 1927 591 1960 tantam,
611 1928 645 1953 ut
661 1925 803 1965 receptis
822 1924 1016 1967 corporibus
1032 1926 1065 1956 in
1083 1925 1209 1957 *iudicio
1224 1926 1367 1967 yravius
1384 1925 1593 1964 damnentur,
1619 1929 1652 1956 et
1666 1925 1819 1956 continuo
1837 1928 1917 1967 poet

366 1968 524 1998 iudicium
548 1968 771 1999 atrocioribus
786 1974 949 2012 perpetuo
966 1970 1187 2002 recludantur
1210 1972 1245 2002 in
1262 1971 1389 2013 poenis.
1429 1968 1486 2002 Sic
1509 1969 1713 2002 sacerrimus
1734 1967 1915 2002 Mahumet

366 2011 442 2054 φησὶ
460 2011 511 2043 καὶ
529 2011 601 2049 τοὺς
620 2012 773 2056 δαίμονας
792 2013 945 2045 δύνασθαι
970 2014 1111 2056 σωθῆναι
1128 2013 1179 2046 διὰ
1201 2017 1258 2046 τοῦ
1277 2011 1468 2059 ἀλκοράνου.
1508 2013 1700 2048 Richardus
1722 2012 1914 2048 Monachus

363 2056 511 2090 Florent.
528 2057 563 2089 in
581 2057 708 2091 coufut.
728 2058 815 2101 legis
834 2058 994 2092 Sal-acen.
1013 2070 1085 2104 cap.
1102 2059 1126 2093 I.
1144 2060 1203 2093 fol.
1221 2059 1275 2093 88.
1293 2071 1366 2104 cap.
1383 2059 1445 2094 IX.
1461 2059 1520 2094 fol.
1542 2059 1615 2093 124.
1653 2059 1771 2093 Iohan.
1789 2058 1914 2093 Canta-

364 2113 512 2134 cuzenus
538 2108 621 2135 orat.
643 2102 697 2135 IV.
715 2103 750 2135 111
767 2102 1001 2137 Mahumetem
1024 2105 1082 2138 fol.
1103 2105 1176 2138 106.
1216 2105 1364 2139 Alcoran
1387 2115 1499 2139 azoar.
1521 2104 1613 2140 LXI.
1650 2105 1836 2150 Augustin.
1861 2115 1913 2138 re-

363 2152 458 2180 tract.
482 2148 540 2180 lib.
558 2147 582 2181 I.
602 2159 628 2181 c.
649 2147 718 2180 VII.
740 2149 776 2181 in
798 2148 982 2183 enchiridio
1007 2150 1049 2182 ad
1073 2150 1232 2183 Laurent.
1258 2162 1284 2183 c.
1303 2150 1407 2185 CXII.
1433 2150 1473 2183 de
1496 2151 1634 2184 civitate
1657 2150 1712 2184 dei
1732 2150 1792 2185 lib.
1813 2149 1913 2184 XXI.

365 2204 391 2225 c.
409 2192 516 2226 XVII.
534 2197 652 2225 contra
669 2193 846 2237 Originist.
865 2195 907 2227 ad
925 2195 1082 2228 Orosium
1100 2207 1127 2229 c.
1144 2195 1200 2229 IV.
1242 2195 1384 2240 Gregor.
1408 2196 1560 2240 Magnus
1577 2196 1703 2240 expsit.
1719 2195 1755 2229 in
1770 2196 1830 2229 lib.
1847 2195 1913 2229 Re-

365 2248 448 2282 gum
466 2237 496 2270 ·2.
514 2248 542 2270 c.
560 2237 591 2270 3.
631 2238 794 2271 Leontius
818 2239 858 2272 de
884 2240 994 2273 Sectis
1018 2252 1051 2285 p.
1076 2241 1151 2274 549.
1191 2241 1355 2274 Athanas.
1380 2241 1421 2274 de
1445 2241 1624 2275 communi
1639 2241 1789 2275 essentia
1803 2241 1912 2286 patris

363 2283 435 2323 filii,
453 2288 486 2315 et
500 2283 638 2327 spiritus
657 2284 767 2317 sancti
782 2284 841 2317 fol.
859 2284 934 2318 391.
952 2286 987 2318 111
1005 2287 1198 2330 quaestion.
1217 2286 1259 2319 ad
1275 2285 1485 2320 Antiochum
1501 2286 1694 2331 quaestion.
1712 2285 1764 2320 CI.
1793 2285 1911 2320 lohan.

363 2327 553 2361 Monachus
569 2329 605 2361 111
621 2339 741 2363 canon.
759 2333 878 2362 contra
894 2342 1013 2363 omnes
1031 2331 1231 2366 haereticos.
1272 2331 1453 2365 Caesarius
1470 2332 1597 2377 dialog.
1613 2331 1646 2367 3.
1684 2331 1845 2366 Ruffinus
1861 2331 1911 2364 in-

363 2374 494 2406 vectiva
511 2373 536 2407 I.
562 2374 596 2406 111
613 2374 810 2418 Hieronym.
829 2375 919 2419 apud
936 2376 1131 2420 Hieronym.
1149 2381 1231 2410 tom.
1246 2377 1306 2410 IX.
1346 2377 1512 2411 Rabanus
1535 2378 1678 2411 Maurus
1702 2377 1743 2410 de
1765 2377 1911 2410 institut.

364 2419 565 2452 clericorum
581 2419 639 2451 lib.
657 2419 687 2452 2.
705 2430 732 2454 c.
750 2419 850 2454 LVII.
891 2420 1040 2454 Thomas
1063 2422 1217 2466 Aquinas
1242 2423 1278 2455 in
1295 2423 1428 2467 epistol.
1446 2423 1489 2456 ad
1504 2422 1673 2468 Ephesios
1697 2433 1726 2456 c.
1743 2422 1768 2456 I.
1784 2422 1862 2455 lect.
1878 2420 1910 2456 3.

363 2463 606 2508 Theophylact.
622 2465 658 2497 111
673 2465 831 2498 Marcum
847 2476 874 2498 c.
892 2465 977 2500 VIII.
1001 2467 1037 2499 in
1056 2467 1195 2500 Lucam.
1214 2478 1242 2502 e.
1259 2468 1351 2502 XVI.
1375 2467 1590 2512 Nicephorus
1607 2467 1768 2502 Callistus
1790 2467 1911 2500 eccles.

363 2509 480 2543 histor.
497 2510 555 2542 lib.
574 2510 611 2543 V.
630 2521 657 2544 c.
675 2509 728 2543 33.
744 2511 803 2544 lib.
821 2511 928 2544 XVII.
944 2522 972 2544 c.
991 2512 1044 2544 97.
1082 2512 1251 2557 Epiphan.
1268 2513 1304 2546 in
1321 2514 1419 2558 epist.
1437 2513 1480 2546 ad
1495 2513 1639 2547 Iohann.
1655 2512 1910 2556 Hierosolymit.

362 2555 560 2598 Hieronym.
579 2555 740 2588 adversus
758 2567 859 2589 error.
876 2556 994 2590 Iohan.
1010 2558 1176 2591 Hierosol.
1195 2558 1294 2602 epist.
1310 2558 1400 2592 LXI.
1418 2570 1445 2592 e.
1463 2558 1495 2593 3.
1535 2558 1576 2592 In
1591 2558 1731 2592 Esaiam
1745 2557 1804 2591 lib.
1820 2556 1909 2591 VHI.

364 2611 390 2633 c.
408 2600 521 2633 XXV.
539 2604 571 2633 et
588 2600 730 2634 XXVII.
748 2602 783 2634 in
799 2601 932 2637 Daniel.
950 2603 1008 2636 lib.
1025 2602 1050 2635 Ι.
1069 2614 1096 2637 c.
1113 2603 1170 2636 IV.
1201 2603 1436 2637 Damascenus
1454 2604 1496 2637 de
1511 2603 1580 2637 fide
1598 2603 1788 2638 orthodoxa
1801 2602 1859 2636 lib.
1877 2602 1909 2637 2.

363 2657 389 2678 c.
407 2645 438 2678 3.
462 2645 578 2678 Inonis
597 2645 817 2680 Carnotensis
834 2646 1027 2681 Chronicon
1043 2648 1101 2683 fol.
1118 2648 1172 2681 44.
1202 2648 1371 2693 Equidem
1387 2650 1417 2682 si
1432 2660 1523 2690 vera,
1540 2660 1613 2683 non
1627 2648 1748 2682 fictitia
1763 2647 1910 2692 epistola

361 2691 431 2731 illa,
449 2701 553 2735 quam
569 2691 730 2725 Ruffinus
746 2691 788 2725 de
801 2692 904 2727 adult.
917 2693 976 2726 lib.
994 2693 1152 2738 Origenis
1169 2693 1311 2728 fol.494.
1320 2694 1403 2728 dicit
1417 2695 1534 2739 ipsum
1548 2694 1732 2738 Origenem
1744 2693 1909 2726 adversus

362 2736 438 2769 illos
456 2739 511 2779 qui
527 2736 638 2769 adhuc
654 2738 712 2769 illo
728 2740 856 2770 vivente
872 2739 993 2771 liberos
1010 2742 1078 2771 eius
1095 2740 1374 2772 adulteraverunt
1393 2740 1548 2781 edidiSse‚
1564 2748 1743 2783 nunquam
1759 2738 1909 2772 sensIsse

363 2792 424 2814 nec
441 2782 619 2825 scripsisse
636 2782 822 2819 credendus
840 2787 892 2816 est
908 2794 959 2824 ea,
977 2795 1063 2828 quae
1076 2783 1140 2817 hoc
1157 2785 1231 2818 loco
1247 2784 1446 2818 Gennadius
1460 2789 1493 2818 et
1505 2785 1565 2818 alii
1576 2783 1739 2817 eeclesiae
1752 2783 1908 2817 doctores

362 2826 429 2869 ipsi
444 2826 635 2859 adtribuere
651 2828 841 2861 voluerunt.
888 2828 980 2862 Inter
997 2830 1064 2861 alia
1086 2830 1179 2862 enim
1202 2830 1284 2863 dum
1305 2841 1402 2864 caros
1419 2841 1501 2863 suos
1517 2828 1767 2862 Alexandrinos
1783 2827 1910 2862 affatur

363 2871 412 2902 ita
427 2871 554 2915 inquit:
584 2871 730 2909 Quidam
747 2885 856 2905 eorum
873 2877 929 2918 qui
945 2875 1085 2907 libenter
1097 2874 1221 2908 habeut
1237 2878 1417 2908 criminari
1425 2877 1598 2919 proximos
1608 2885 1694 2914 snos,
1711 2874 1911 2907 adscribunt

363 2916 456 2947 *nobis
473 2922 504 2948 et
519 2918 694 2949 doctrinae
717 2923 850 2950 nostrae
867 2921 992 2952 crimen
1009 2919 1247 2963 blasphemiae,
1264 2921 1351 2964 quod
1366 2933 1388 2953 a
1409 2920 1502 2953 nobis
1521 2929 1689 2963 nunquam
1711 2920 1908 2952 audierunt.-

365 2961 405 2992 de
421 2973 480 3004 quo
497 2964 565 3004 ipsi
581 2963 734 3001 viderint,
756 2963 900 2995 nolente-s
921 2964 1100 2997 observare
1116 2966 1310 2998 mandatura
1326 2966 1413 2998 illud
1433 2965 1521 3008 quod
1535 2965 1629 3004 dicit,
1646 2965 1726 3007 quia
1748 2965 1909 2998 maledici

366 3016 500 3046 requam
517 3007 571 3038 dei
586 3018 650 3039 non
660 3007 885 3049 possidebunt,
911 3010 1058 3041 dic-entes
1067 3015 1203 3053 patrem
1219 3011 1373 3042 malitiae
1395 3020 1438 3042 ac
1456 3009 1663 3053 perditionis·
1678 3014 1711 3042 et
1724 3020 1836 3042 eorum
1852 3011 1909 3053 qui

366 3050 405 3080 de
423 3062 521 3091 reyno
540 3052 594 3082 dei
609 3053 796 3090 eliciuntur,
814 3054 851 3084 id
867 3059 915 3084 est
930 3054 1107 3094 diabolum,
1123 3066 1173 3087 me
1191 3056 1302 3087 dicere
1319 3066 1388 3086 esse
1403 3054 1613 3094 salvandum,
1631 3055 1718 3098 quod
1732 3066 1772 3087 ne
1784 3055 1908 3099 aliquis
