2052 3374
707 209 757 234 DE
776 207 1009 234 HAERESIBUS
1028 206 1149 232 LIBER.
1620 202 1692 244 151

243 315 350 357 Sunt
368 314 535 368 quidam
556 314 751 355 haeretici
773 314 841 367 qui
862 324 957 354 cum
977 310 1120 365 legunt
1140 310 1407 364 scripturam,
1437 308 1598 349 dicente
1623 306 1695 348 do-

161 386 316 436 minoa,
335 382 379 424 F
375 384 561 424 aciamus
583 383 782 423 hominem
802 383 860 422 ad
878 382 1099 435 imaqincm
1119 386 1156 421 et
1174 379 1482 419 similitudinem
1497 383 1695 427 nostram,

157 466 240 494 non
269 453 313 492 in
338 465 508 506 parvam
540 450 797 492 descendunt
826 450 1070 500 amentiam,
1106 449 1344 501 ignorantes
1382 447 1562 501 primum
1598 443 1698 497 quid

156 523 288 574 imago
311 519 460 574 quidve
491 519 714 560 similitudo
744 520 798 558 sit
827 518 913 569 dei,
947 530 1121 570 cumque
1151 517 1343 556 nesciunt
1371 514 1469 568 quid
1491 515 1545 554 sit
1563 514 1696 565 imago

157 588 221 630 dei
242 592 390 629 natura
409 589 685 642 proprietatis,
708 592 749 626 et
770 585 891 639 ¹quid
913 584 1153 639 2positionis
1175 585 1229 623 sit
1249 584 1398 636 gratia,
1420 596 1504 623 non
1526 595 1698 637 parvam

156 657 234 698 sibi
249 659 519 712 praesumunt
535 655 771 710 superbiam
788 653 1011 705 dignitatis.
1042 652 1180 704 Imago
1194 653 1305 692 enim
1323 651 1402 703 dei,
1423 650 1465 691 id
1483 655 1545 690 est
1561 652 1698 690 anima

156 726 289 767 omnis
310 724 535 776 hominisb,
562 724 671 765 facta
698 736 748 763 ex
774 721 920 773 nihilo,
943 720 1167 761 similitudo
1191 723 1329 760 autem
1356 721 1398 759 in
1428 718 1507 759 lide
1538 722 1578 758 et
1598 720 1698 770 vita,

154 794 236 834 nisi
263 794 428 846 cognita
454 792 578 833 fuerit
602 806 627 832 a
655 791 751 843 deo,
783 789 981 845 appellari
1011 802 1094 830 non
1121 792 1258 843 potest
1286 788 1350 828 dei
1380 788 1512 839 imago
1536 787 1695 827 similis.

156 861 340 916 Cumque
362 875 404 902 se
426 874 516 901 esse
537 859 630 915 plus
653 860 846 900 aestimat
871 857 1039 911 aliquis,
1068 856 1417 911 praesumptionis
1447 856 1603 895 crimen
1632 857 1695 896 iu-

156 931 282 972 currit
301 931 438 984 potius
460 942 584 982 quam
602 929 796 969 meritum
813 926 1024 979 dignitatis
1043 924 1121 965 sibi
1143 925 1331 978 acquirit.
1362 922 1470 964 Nam
1487 937 1579 963 cum
1598 923 1696 964 haec

155 997 171 1022 ³
178 1011 357 1054 peccans
373 997 606 1038 4invenitur
621 997 774 1047 anima,
795 998 836 1035 et
852 994 1003 1035 iudicio
1022 993 1199 1035 obnoxia
1219 991 1467 1032 5detinenda
1484 993 1695 1043 cognosci-

155 1069 235 1119 tur,
256 1065 459 1120 quomodo
488 1078 577 1105 esse
607 1067 746 1119 potest
770 1063 872 1104 haec
902 1063 967 1103 dei
988 1061 1188 1102 naturalis
1211 1062 1366 1113 imago,
1394 1073 1498 1113 quae
1522 1060 1695 1100 diversis

155 1135 337 1190 peccatis
357 1133 612 1174 Gdinoscitur
632 1130 859 1172 inservire?
883 1145 977 1171 cum
998 1130 1078 1171 alia
1098 1129 1211 1171 nulla
1233 1142 1321 1169 esse
1344 1129 1478 1183 possit
1497 1127 1697 1168 naturalis

155 1205 290 1256 imago
319 1201 384 1242 dei
413 1201 553 1242 divina
579 1205 619 1241 et
644 1201 773 1255 patris
800 1201 985 1254 propria,
1014 1212 1097 1240 non
1125 1197 1260 1251 angeli
1286 1201 1356 1237 aut
1384 1196 1586 1248 hominis,
1617 1198 1693 1236 nisi

156 1271 309 1313 Christi
326 1269 392 1310 dei
408 1269 494 1321 filii,
516 1270 586 1323 qui
602 1273 750 1310 natura
765 1269 1027 1323 proprietatis
1044 1267 1271 1307 indiscreta
1286 1270 1482 1321 paternae
1500 1265 1695 1306 substan—

155 1341 236 1380 tiae
257 1353 304 1380 ac
326 1339 602 1392 sempiternae
624 1339 782 1389 imago⁰
805 1337 877 1388 sit,
904 1338 1042 1389 genita
1069 1336 1252 1390 proprie,
1281 1348 1363 1375 non
1383 1335 1586 1389 positione
1609 1348 1695 1374 ser-

156 1408 299 1449 vitutis
321 1410 460 1448 creata
480 1419 530 1446 ex
550 1405 693 1458 nihilo,
714 1410 760 1446 ut
780 1405 900 1445 homo
924 1409 965 1444 et
985 1404 1166 1457 angelus.
1198 1404 1375 1458 Ideoque
1397 1404 1633 1455 imaginem,
1656 1402 1697 1443 id

157 1480 221 1518 est
239 1477 443 1526 animam,
471 1474 687 1515 hominum
714 1487 989 1528 paganorum,
1018 1472 1282 1524 Iudaeorum,
1311 1472 1631 1523 haereticorum,
1658 1476 1699 1511 et

158 1546 344 1586 omnium
364 1543 444 1584 dici
464 1556 585 1597 posse
608 1541 832 1583 declaravit
853 1543 894 1581 in
917 1542 1126 1582 communi
1146 1542 1407 1594 generatione
1430 1544 1552 1593 atque
1574 1541 1695 1580 unius

157 1612 368 1668 qualit-atis
388 1612 584 1651 ⁷naturae
602 1612 806 1666 scriptura
823 1610 1098 1651 substantiam
1108 1609 1126 1633 ‘¹
1142 1610 1361 1661 nuntiavit,
1383 1608 1697 1649 similitudinem

157 1685 295 1723 autem
309 1694 394 1721 non
410 1681 607 1732 omnium,
625 1679 698 1719 sed
715 1683 987 1731 sanetorume,
1005 1682 1046 1718 et
1063 1678 1389 1719 Christianorum
1406 1691 1495 1717 esse
1513 1682 1694 1718 tantum-

159 1748 280 1792 modo
303 1748 547 1800 declaravit,
569 1749 638 1802 qui
660 1749 702 1788 in
724 1747 823 1799 fide,
845 1749 930 1787 vita
951 1747 1015 1787 *et
1034 1747 1141 1788 bono
1165 1760 1285 1802 opere
1308 1750 1598 1802 permanentes
1622 1760 1695 1786 an-

156 1818 340 1872 gelorum
361 1816 555 1858 caelestia
574 1815 741 1857 meritaf
760 1818 802 1857 in
820 1817 1003 1856 futurum
1020 1817 1216 1870 consequi
1231 1817 1540 1870 promittuntur,
1561 1818 1605 1854 ut
1622 1828 1695 1869 pa—

156 1885 382 1940 triarchae,
399 1885 645 1940 prophetae,
667 1884 922 1936 sacerdotes,
944 1884 1123 1937 iudices,
1149 1884 1325 1939 apostoli
1345 1887 1467 1937 atque
1490 1883 1697 1936 evangeli-

157 1958 244 1996 stae
266 1959 307 1995 et
326 1958 543 2008 martyres,
565 1954 633 2008 qui
654 1954 830 1995 trinitati
853 1952 1067 1995 credentes
1089 1957 1129 1993 et
1150 1954 1193 1993 in
1209 1954 1294 1994 vita
1309 1951 1697 2008 praeclarasperma—

246 2089 328 2135 cap.
348 2088 557 2124 CXXXVII.
575 2092 611 2121 in
628 2089 700 2122 abe.
718 2091 915 2133 inscriptum
933 2095 981 2122 cst
1001 2089 1053 2123 DE
1080 2100 1224 2123 [meme
1248 2100 1292 2122 ET
1312 2099 1551 2122 smmrvmxa
1576 2099 1638 2122 Dm
1662 2099 1697 2122 ιε

157 2146 290 2170 nonme
309 2146 486 2169 HAERESIS.
504 2156 547 2160 —
576 2135 602 2167 l.
620 2134 709 2179 quod
727 2135 771 2168 A.
841 2135 871 2167 2.
889 2135 1054 2179 portionis
1073 2136 1102 2170 b.
1172 2135 1204 2169 3.
1221 2135 1370 2180 peccatis
1388 2135 1416 2167 b.
1478 2133 1510 2168 4.
1530 2134 1700 2167 invenitur

156 2193 218 2216 om.
241 2181 288 2215 A.
364 2180 396 2214 5.
420 2180 603 2214 detinenda
627 2181 671 2213 Α.
696 2180 876 2214 detinendo
900 2182 1030 2224 reliqui.
1108 2180 1139 2214 G.
1164 2181 1351 2214 dinoscitur
1375 2180 1604 2225 (dignoscitur
1629 2179 1699 2223 ac.)

157 2226 282 2261 ABae.
299 2227 499 2271 agnoscitur
516 2227 545 2261 b.
617 2225 648 2260 7.
666 2230 808 2259 naturae
825 2226 870 2260 A.
891 2230 1012 2260 natura
1028 2227 1158 2271 reliqui.
1229 2225 1259 2260 8.
1279 2230 1312 2260 et
1329 2238 1388 2260 om.
1407 2226 1436 2260 b.

225 2363 307 2409 Gap.
327 2363 535 2398 CXXXVII.
560 2383 603 2389 —-
627 2373 658 2397 a.
684 2363 814 2396 dicente
837 2363 894 2397 do-

158 2409 266 2452 mino]
294 2408 417 2444 Genes.
435 2409 460 2443 Ι.
477 2409 530 2442 26.
578 2409 652 2449 (F.)

1008 2375 1037 2399 e.
1056 2363 1315 2397 similitudinem
1328 2367 1443 2396 autem
1452 2374 1522 2396 non
1535 2363 1697 2403 omnium,

962 2410 1021 2443 sed
1039 2411 1250 2452 sanctorum]
1289 2408 1344 2442 Sic
1362 2408 1398 2443 S.
1416 2408 1578 2442 Paulinus
1597 2409 1695 2452 epist.

181 2466 214 2501 b.
229 2465 302 2500 Ima
330 2477 348 2500 o
361 2466 453 2500 enim
467 2466 531 2506 dei,
544 2465 577 2498 id
591 2469 641 2498 est
655 2465 770 2498 anima
783 2466 893 2499 omnis

157 2510 308 2545 hominis
347 2511 505 2545 Pluribus
519 2510 582 2544 hoc
597 2511 766 2543 veteribus
788 2512 893 2545 eccle-

160 2556 230 2590 siae
247 2557 442 2591 doctoribus
459 2567 679 2602 persuasum:
705 2555 780 2589 vide
798 2556 891 2590 Peta-

158 2602 253 2636 vium
275 2602 332 2636 lib.
351 2602 382 2637 2.
406 2602 531 2647 Dogm.
550 2601 667 2635 Theol.
693 2601 733 2633 de
757 2602 890 2646 opificio

160 2658 221 2681 sex
245 2647 376 2681 dierum
393 2658 466 2692 cap.
485 2648 516 2682 2.
542 2652 575 2680 et
598 2646 897 2682 Benedictinorum

159 2691 407 2772 Prollfgomena
424 2693 466 2726 ad
483 2693 516 2726 S.
530 2693 650 2726 Hilarii
668 2694 777 2736 Opera
794 2704 826 2737 p.
842 2693 895 2728 78.

160 2741 195 2771 et
277 2764 285 2772 .
332 2738 408 2780 (F.)

205 2815 233 2840 c.
256 2810 418 2852 paternae
434 2805 647 2839 substantiae
665 2815 701 2837 ac
721 2806 895 2850 sempiter-

161 2861 225 2885 nae
241 2851 374 2896 imago]
399 2851 499 2886 Hebr.
523 2850 548 2885 1.
567 2852 597 2884 3.
626 2850 816 2895 ,Χαρακτὴρ
841 2854 893 2894 τῆς

161 2894 368 2935 ὑποστάσεως
385 2896 516 2930 aetolis*
564 2896 638 2937 (F.)

205 2951 238 2988 d.
262 2953 365 2986 unius
382 2954 554 2998 qualitatis
573 2957 714 2986 naturae
730 2953 894 2998 scriptura

162 2997 404 3041 substantiam]
423 2998 479 3032 Sic
496 3009 599 3044 supra
615 2997 689 3042 cap.
701 2997 756 3033 93.
776 3010 894 3038 „unam

163 3043 338 3087 qualitatis
352 3044 604 3078 substantiam.'’
652 3043 726 3083 (F.)

962 2455 993 2490 2.
1012 2455 1055 2488 ad
1079 2455 1243 2488 Severum
1273 2455 1368 2487 (locet
1399 2455 1433 2487 iu
1457 2454 1565 2487 Adam
1590 2455 1695 2486 solam

962 2501 1059 2534 nobis
1077 2501 1264 2544 imaginem
1283 2500 1505 2539 remansisse,
1531 2499 1571 2531 ad
1596 2500 1698 2539 origi-

960 2547 1073 2579 nalem
1092 2551 1205 2579 autem
1223 2546 1367 2589 gloriam
1385 2556 1446 2578 nos
1465 2542 1699 2584 resormaristi

960 2591 1108 2625 divinam
1118 2589 1501 2624 similitudinemChristi
1509 2590 1698 2622 imitatione

966 2638 1152 2682 capiamus:
1185 2637 1294 2670 Etiam
1312 2636 1445 2668 Platoni
1462 2635 1496 2668 in
1513 2634 1697 2668 Theaeteto

967 2680 1119 2727 ὁμοίωσις
1138 2682 1286 2715 hominis
1309 2681 1352 2714 ad
1369 2681 1470 2714 deum
1487 2685 1536 2712 est
1557 2680 1696 2720 „Cinam

966 2727 1018 2760 καί
1035 2726 1122 2760 ’ὅσιον
1140 2727 1283 2772 γενέσθαι
1298 2726 1376 2771 μετὰ
1390 2725 1604 2770 φρονήσειι)ς.””
1623 2725 1697 2765 (F.)

1009 2772 1032 2807 f.
1059 2773 1260 2816 angelorum
1285 2772 1445 2805 caelestia
1467 2771 1603 2812 merita]
1633 2770 1697 2803 Fu-

964 2819 1029 2851 turi
1054 2819 1213 2851 nimirum
1238 2816 1301 2850 tsi«
1315 2816 1412 2861 γελοι.
1441 2816 1522 2850 Luc.
1541 2815 1622 2849 XX.
1641 2814 1695 2850 36.

965 2864 1064 2906 [Hinc
1082 2868 1211 2897 veteres
1229 2830 1367 2907 quitiam
1390 2866 1553 2895 venerunt.
1570 2862 1604 2893 in
1621 2871 1697 2894 eam

964 2909 1176 2952 opinionem,
1200 2908 1403 2953 angelorum
1427 2907 1484 2951 qui
1508 2906 1697 2939 ceciderant

963 2964 1143 2987 numerum
1159 2953 1406 2987 restituendum
1430 2962 1504 2985 esse
1526 2951 1566 2984 de
1588 2951 1695 2986 homi-

964 2999 1076 3032 nibus.
1105 2999 1142 3033 V.
1161 2999 1315 3033 Anselmi
1332 2998 1490 3033 Cantuar.
1509 2997 1568 3032 lib.
1588 2996 1610 3030 Ι.
1629 2996 1696 3031 Gur

965 3043 1046 3077 deus
1063 3042 1164 3078 homo
1183 3054 1211 3078 e.
1234 3045 1284 3078 16.
1302 3055 1335 3087 p.
1353 3042 1423 3084 Sl.]
1469 3041 1543 3083 (F.)

1723 316 1788 347 Cap.
1807 314 1967 341 CXXXVII.

1723 361 1803 395 (Cap.
1821 359 1978 389 CXXXIV.)
