2052 3374
587 185 637 210 DE
656 186 950 216 ECCLESIASTICIS
971 191 1224 220 DOGMATIBUS.
1594 200 1674 242 355

143 279 246 315 VIII.
256 282 383 318 velIX.
393 285 467 317 olim
480 285 645 329 Bohieusi,
655 288 753 323 hodie
768 290 1049 329 Vindobouensin.
1061 295 1271 331 CC'CXXII.
1280 300 1340 342 (qs.
1351 298 1554 334 Endlt'clzeri
1562 301 1672 337 Catal.

133 325 236 360 Godd.
253 327 375 362 Philol.
390 329 505 364 Latin.
525 332 612 368 Bihl.
629 334 744 369 Palat.
771 336 907 373 Vz'ndoh.
922 351 958 383 p.
974 339 1045 372 217
1060 345 1133 385 sq),
1151 341 1236 375 llaec
1254 345 1374 377 addita
1391 346 1561 389 lequntur:
1576 348 1675 381 iuxta.

133 370 266 406 divinae
282 373 468 419 scripturae
484 378 685 414 relationem
701 381 874 426 integrum
890 383 1074 427 hominem,
1093 387 1151 431 qui
1166 398 1208 421 ex
1225 389 1339 422 anima
1356 395 1492 425 constat
1514 397 1547 426 et
1563 403 1674 435 carne,

131 415 174 450 ad
190 417 379 463 imaginem
396 420 449 454 dei
465 421 604 465 factum,
624 425 681 458 illa
698 426 861 472 imagine,
886 440 953 474 qua
970 436 1089 475 postea
1111 431 1212 467 homo
1229 434 1339 468 factus
1357 441 1408 469 est
1425 436 1518 479 deus,
1541 438 1673 473 dicente

129 462 311 507 Apostolo:
330 468 363 498 et
378 469 535 511 regnavit
551 480 644 503 mors
662 471 704 504 ab
722 472 824 506 adam
840 485 948 518 usque
965 487 1130 520 moysem,
1149 479 1252 512 etiam
1269 480 1303 513 in
1317 492 1384 522 eos,
1403 483 1461 526 qui
1473 495 1540 517 non
1553 495 1675 529 pecca-

129 523 266 561 verunt,
283 520 321 554 in
342 521 602 559 similitudinem
623 529 902 572 prevaricationis
927 531 1028 573 adae,
1054 534 1112 577 qui
1136 539 1187 567 est
1209 535 1319 570 forma
1340 538 1462 581 futuri,
1486 540 1520 573 id
1543 546 1593 574 est
1616 553 1671 587 χρι

128 564 308 600 novissimi
324 567 435 610 adam,
453 570 512 614 qui
528 571 563 604 in
580 572 691 606 forma
709 585 776 618 qua
793 579 865 608 erat
883 577 1088 622 quandoque
1105 579 1278 615 hominem
1296 582 1550 630 adsumpturus,
1573 598 1670 631 prae-

126 609 289 645 formavit
302 612 452 657 primum
469 615 580 658 adam,
605 618 828 653 coufinnante
851 620 914 654 hoc
933 622 1046 666 ipsum
1069 627 1241 669 apostolo,
1267 629 1324 662 ubi
1341 629 1436 663 dicit:
1465 632 1516 664 vir
1533 633 1670 676 quidem

126 665 198 689 non
213 655 314 690 debet
327 659 442 693 velare
458 667 562 706 caput
577 673 689 704 suum,
712 666 792 709 quia
815 666 926 710 gloria
943 673 977 700 et
991 669 1109 713 imago
1127 670 1181 704 dei
1198 677 1259 713 est,
1280 674 1404 708 mulier
1426 676 1462 710 in
1480 677 1589 721 gloria
1606 679 1669 712 viri

125 704 188 735 est.
227 701 268 735 In
285 703 401 737 anima
416 716 520 740 sexus
537 707 715 743 diversitas
732 721 802 744 non
818 715 880 744 est.
920 712 957 746 Si
974 724 1043 747 una
1066 717 1220 750 masculo
1244 723 1278 751 et
1299 719 1446 754 feminae
1469 723 1585 756 anima
1607 729 1668 765 est,

124 745 215 780 sicut
229 758 310 782 vera
327 753 388 792 est,
406 752 577 795 quomodo
594 754 658 788 viri
673 755 794 789 dicitur
808 757 924 802 imago
943 769 1018 792 esse
1035 759 1099 802 dei,
1122 761 1249 796 femina
1266 764 1381 810 imago
1398 767 1472 808 viri,
1495 769 1562 802 nisi
1577 770 1667 813 quod

124 814 148 847 χ
171 815 184 842 ς
212 803 294 838 deus
319 810 450 841 creator
473 807 621 844 hominis
644 811 707 844 viri
731 811 879 846 formam
902 814 1145 861 adsumpturus
1168 824 1288 863 postea
1313 828 1394 863 erar,
1419 824 1568 869 impsum
1586 827 1667 867 (sic)

123 815 167 881 ad
187 849 375 895 imaginem
399 863 500 887 suam
521 855 761 900 prefiguravit‚
783 858 912 892 femina
936 871 1015 894 vero
1039 873 1083 895 ex
1106 864 1179 898 viro
1202 873 1375 911 sumptam
1399 870 1462 903 viri
1477 871 1666 915 imaginem

122 896 303 938 expressit,
321 898 422 931 ambo
440 903 555 934 tamen
572 901 688 946 imago
706 902 770 944 dei,
789 905 870 948 quia
886 917 975 940 unus
993 918 1036 940 ex
1054 908 1171 950 altero,
1190 910 1321 945 dicente
1338 914 1521 959 scriptura:
1539 919 1666 950 creavit

122 938 205 973 deus
221 939 406 984 hominem,
424 944 467 977 ad
482 946 671 990 imaginem
688 948 743 982 dei
759 951 886 984 creavit
901 962 989 993 eum,
1006 954 1199 989 masculum
1216 962 1248 989 et
1272 957 1436 994 feminam
1453 963 1578 995 creavit
1595 974 1662 996 eos.

121 984 348 1031 „Explicit
371 991 595 1036 expositio
619 992 730 1028 fidei
754 994 1030 1032 catholicae.''

1297 3099 1365 3133 23·
