2052 3342
339 201 419 241 268
812 199 1112 224 PRAEDESTINATI
1138 199 1250 224 LIBER
1269 199 1412 225 PRIMUS.

338 317 432 345 men
455 304 623 357 accepit..
657 303 706 343 lli
728 302 970 343 electionem
989 303 1190 343 bonorum
1207 307 1247 343 et
1263 306 1564 346 recusationem
1578 304 1781 345 malorum
1798 303 1872 344 deo

339 372 585 412 decernente
605 370 820 415 deliniunt,
843 385 921 411 non
945 371 1109 411 homine
1127 370 1191 411 vel
1211 371 1402 412 studente
1424 372 1486 413 vel
1505 372 1759 426 neglegente.
1789 371 1872 413 No-

339 440 426 480 lunt
449 439 512 479 dei
537 440 622 479 iura
644 439 706 479 vel
729 440 779 480 ab
802 439 1065 479 studentibus
1095 439 1291 480 custodiri
1314 439 1378 480 vel
1409 455 1432 480 a
1454 440 1765 493 neglegentibus
1786 441 1873 481 vio-

338 508 423 549 lari.
454 508 628 560 Dicunt,
651 507 810 548 etiamsi
834 507 1007 548 voluerit
1029 507 1181 548 bonum
1206 508 1338 548 facere
1362 509 1431 562 qui
1453 509 1503 549 ad
1525 508 1681 550 malum
1700 508 1873 563 praede-

338 578 514 617 stinatus
537 580 613 627 est,
635 576 686 616 ad
709 576 861 616 bonum
884 577 1100 630 pervenire
1123 590 1203 617 non
1227 578 1389 630 poterit.
1431 577 1535 618 Nam
1559 578 1626 631 qui
1649 576 1701 618 ad
1723 577 1876 618 bonum

339 645 667 699 praedestinatus
690 648 766 696 est,
789 646 950 684 etiamsi
975 644 1178 697 neglegat,
1201 644 1251 684 ud
1274 645 1426 685 bonum
1444 645 1691 699 perducetur
1706 646 1873 685 invitus.

339 714 489 753 Dicunt
512 713 771 767 baptismatis
795 712 946 753 undam
969 727 1050 754 non
1073 714 1265 753 universa
1282 717 1452 767 peccata
1469 712 1678 754 inundare.
1708 713 1874 765 Dicunt,

340 782 399 822 lta
420 781 629 822 antecedit
646 783 778 831 gratia
795 781 969 822 liberum
991 781 1220 833 arbitrium,
1241 786 1285 821 ut
1307 786 1401 822 ante
1424 783 1601 836 accipiat
1616 780 1736 822 homo
1755 794 1876 835 quam

339 855 469 905 petat,
495 854 588 890 ante
612 851 796 890 inveniat
819 864 939 903 quain
963 854 1152 903 quaerat,
1180 853 1274 890 ante
1297 850 1333 890 ei
1356 851 1562 904 aperiatur
1583 863 1707 903 quam
1727 849 1875 904 pulset.

338 919 489 960 Dicunt
510 918 669 958 nullum
691 917 742 958 ad
765 917 915 958 christi
942 918 1064 958 tidem
1086 918 1281 958 accedere
1305 919 1383 958 nisi
1405 919 1529 958 fuerit
1549 932 1573 958 a
1588 921 1703 972 patre
1720 920 1875 958 tractus

338 988 506 1029 invitus.
530 987 629 1027 illud
651 986 936 1032 adtendentes,
960 985 1112 1026 ¹Nemo
1137 988 1243 1027 venit
1263 987 1321 1026 ad
1338 1001 1412 1038 me,
1433 988 1518 1027 nz'sc‘
1532 1000 1649 1041 quem
1662 992 1784 1041 pater
1799 986 1875 1026 acl-

338 1057 524 1096 [raa-erit.
557 1055 709 1096 Dicunt
732 1055 867 1095 omnia
891 1069 970 1095 non
993 1055 1034 1094 in
1058 1068 1114 1106 re,
1136 1055 1208 1095 sed
1232 1056 1288 1094 ita
1310 1056 1350 1094 in
1373 1068 1446 1109 spe
1470 1055 1570 1107 lieri,
1592 1058 1636 1094 ut
1652 1053 1760 1107 quod
1778 1053 1878 1094 dicit

339 1123 561 1179 apostolus,
583 1122 709 1178 2SJ›0.s·
732 1138 838 1178 qum>
862 1125 1023 1164 ridetur
1044 1138 1124 1162 non
1147 1130 1204 1163 ext
1218 1138 1321 1177 spes,
1345 1124 1469 1163 etiam
1486 1121 1561 1163 hoc
1578 1122 1785 1175 mysteriis
1803 1121 1875 1162 ad-

338 1193 492 1248 plicent
515 1192 689 1244 dictum,
719 1196 759 1232 et
781 1192 940 1242 dicant,
961 1191 1017 1231 Ea
1039 1204 1141 1244 quae
1164 1192 1466 1245 percipiuntur,
1493 1190 1684 1231 videntur
1711 1189 1878 1244 quidem

339 1275 442 1307 esse,
465 1261 535 1301 sed
559 1274 639 1301 non
662 1265 769 1301 sunt.
800 1260 966 1311 Dicunt,
987 1259 1085 1300 Plus
1107 1259 1238 1299 obfuit
1259 1259 1311 1300 ad
1333 1259 1565 1300 nocendum
1580 1258 1714 1300 Adam
1739 1258 1878 1312 generi

338 1330 434 1371 luun
453 1343 655 1383 anoquzun
672 1329 858 1369 Clu-istus
877 1329 918 1368 in
937 1326 1231 1368 subveniendo.
1253 1327 1515 1380 NamAdam,
1533 1327 1661 1379 aiunt,
1679 1326 1786 1380 quod
1802 1340 1877 1367 no-

339 1400 420 1439 cuit
443 1400 499 1438 ita
520 1401 679 1449 manet,
709 1402 754 1437 ut
775 1397 850 1437 hoc
874 1410 949 1437 nec
974 1397 1108 1452 passio
1132 1395 1283 1437 Christi
1312 1410 1388 1437 nec
1411 1396 1670 1451 baptismatis
1693 1395 1876 1436 sanctifi-

338 1469 443 1508 catio
466 1468 596 1521 possit
616 1466 786 1506 auferre.

421 1535 573 1576 Verum
597 1535 693 1588 quid
714 1548 851 1575 nior-as
874 1534 963 1586 tibi,
987 1548 1007 1575 o
1030 1532 1160 1574 lector
1181 1537 1323 1574 sancte
1347 1537 1387 1574 et
1408 1533 1604 1585 studiose,
1625 1529 1878 1574 incutimus?

335 1603 506 1645 Librum
527 1617 667 1643 eorum
689 1603 763 1643 tibi
787 1604 1006 1655 integrum,
1028 1603 1135 1643 sicut
1156 1606 1219 1641 est
1241 1602 1389 1655 editus,
1411 1603 1453 1643 in
1474 1603 1555 1643 isto
1573 1614 1741 1656 corpore
1757 1615 1878 1656 prac-

337 1676 563 1720 sentamus,
585 1673 700 1712 cuius
722 1671 897 1712 lectione
921 1684 1144 1723 cognosces
1167 1670 1428 1712 definitiones
1451 1671 1538 1711 eius
1565 1684 1589 1710 a
1608 1670 1878 1712 metatoribus

338 1741 569 1782 antichristi
592 1740 849 1781 adinventas.
883 1740 1258 1793 Quotienscumque
1282 1743 1420 1779 autem
1441 1742 1581 1780 contra
1602 1751 1670 1780 eos
1692 1739 1878 1794 suscepi-

336 1824 443 1862 mus,
464 1809 656 1850 dixerunt
677 1822 751 1849 nos
769 1822 818 1848 ex
835 1808 1135 1848 haereticorum
1152 1809 1322 1861 argutiis
1341 1811 1483 1849 contra
1499 1820 1542 1847 se
1559 1820 1690 1860 agere.
1721 1806 1878 1848 Viden-

338 1883 400 1919 tes
422 1880 532 1919 enim
555 1891 597 1918 se
620 1879 676 1917 ita
697 1878 896 1931 superari,
918 1881 960 1916 ut
978 1878 1185 1930 suspirare
1203 1890 1285 1917 non
1302 1879 1486 1931 possent,
1506 1875 1612 1916 hanc
1631 1874 1880 1917 calumniam

339 1961 501 2002 semper
523 1945 734 1986 catholicis
756 1945 916 1985 nisibus
939 1946 1200 1997 inrogarunt,
1228 1948 1274 1985 ut
1296 1944 1394 1985 dum
1415 1945 1565 1985 timent
1586 1957 1628 1984 se
1650 1943 1878 1984 haereticos

338 2016 552 2066 infamari,
580 2015 621 2054 in
653 2013 815 2053 silentio
845 2014 1029 2053 veritatis
1061 2012 1267 2067 loquelam
1288 2016 1482 2053 artarent.
1531 2011 1682 2054 Eorum
1710 2025 1804 2066 ergo
1827 2011 1878 2053 ob

340 2098 506 2126 causam
535 2096 677 2123 omnes
707 2081 899 2122 haereses
926 2095 948 2121 a
970 2081 1136 2122 Simone.
1168 2085 1447 2122 memorantes
1477 2080 1689 2134 hucusque
1721 2080 1879 2122 detexi-

337 2167 443 2206 muS,
464 2156 510 2193 ut
528 2151 750 2206 probemus
773 2163 847 2190 nos
870 2149 946 2190 soli
968 2150 1065 2190 fidei
1086 2149 1312 2191 catholicae
1335 2163 1424 2190 esse
1456 2148 1693 2190 concordes.
1742 2149 1877 2202 Roga-

339 2236 430 2264 mus
451 2225 506 2274 te,
528 2220 692 2260 domine
720 2222 836 2273 pater
865 2218 965 2258 caeli
991 2222 1030 2258 et
1052 2223 1206 2271 terrae,
1235 2219 1305 2272 qui
1335 2232 1429 2259 cum
1455 2217 1537 2259 filio
1565 2221 1634 2258 tuo
1665 2220 1706 2257 et
1733 2217 1881 2273 spiritu

340 2295 481 2332 sancto
502 2290 624 2329 unius
645 2288 831 2329 veritatis
854 2286 1015 2327 obtines
1038 2288 1315 2339 maiestatum,
1339 2287 1457 2327 unius
1473 2287 1701 2327 maiestatis
1719 2285 1880 2327 obtines

341 2359 557 2410 deitatem,
584 2357 706 2397 unius
729 2355 896 2396 deitatis
918 2354 1079 2395 obtines
1101 2356 1350 2407 trinitatem,
1378 2359 1424 2395 ut
1450 2368 1525 2396 nos
1547 2353 1717 2396 adiuves
1739 2357 1882 2395 contra

338 2429 479 2470 hostes
496 2431 587 2467 tuos
604 2425 710 2466 3tela
723 2426 964 2464 tractantes.
994 2423 1185 2464 Habeant
1199 2423 1259 2464 illi
1277 2426 1410 2464 castra
1428 2422 1565 2464 Goliae
1581 2424 1625 2463 in
1641 2421 1879 2477 Allophylo-

341 2511 431 2538 rum
459 2496 546 2536 acie
574 2495 809 2535 constituta.
839 2491 923 2532 Nos
944 2491 1137 2544 Hebraei,
1157 2492 1275 2546 pueri
1290 2492 1351 2532 tui
1367 2490 1502 2532 David
1517 2490 1786 2545 pastoforium
1806 2489 1879 2531 ad-

341 2568 551 2607 sumentes
569 2562 618 2603 de
630 2561 767 2617 lapide
784 2564 852 2602 tuo
871 2559 1054 2613 angulari
1070 2574 1314 2614 pugnemus,
1334 2564 1381 2600 ut
1396 2559 1571 2600 fidenter
1587 2573 1681 2600 cum
1697 2558 1879 2613 apostolo

341 2638 410 2675 tuo
429 2633 565 2674 dicere
580 2630 804 2682 valeamus,
824 2628 937 2670 4Deo
953 2635 1093 2669 nostro
1111 2630 1288 2683 φάτίαδ,
1311 2629 1385 2683 qui
1404 2628 1515 2669 dedit
1533 2626 1650 2668 nobis
1664 2628 1882 2668 victoriam

336 2717 416 2759 per
446 2701 656 2742 dominum
674 2705 861 2740 nostrum
879 2696 1016 2738 Iesum
1041 2694 1258 2737 Christum.
1309 2696 1371 2737 Sit
1396 2710 1478 2751 pax
1499 2695 1688 2737 omnibus
1710 2693 1879 2735 catholi-

343 2772 423 2822 cis,
452 2773 493 2809 et
522 2782 616 2809 cum
643 2766 800 2827 angelis
831 2779 914 2806 una
942 2764 1161 2806 nobiscum
1186 2778 1285 2806 voce
1307 2764 1560 2816 exclament,
1591 2762 1880 2812 decantantes,

346 2838 482 2880 Gloria
502 2839 545 2877 in
566 2835 740 2877 excelsis
763 2834 858 2887 deo,
880 2838 921 2874 et
940 2835 984 2874 in
1004 2836 1113 2873 terra
1132 2846 1213 2887 pax
1233 2832 1470 2874 hominibus
1492 2831 1623 2873 bonae
1642 2829 1879 2871 voluntatis.

373 2916 544 2950 EXPLICIT
561 2925 665 2948 LIBER
683 2922 922 2947 CATEGORICUS
941 2923 1016 2945 SIVE
1033 2920 1183 2944 ECDICUS
1200 2922 1275 2944 SIVE
1295 2921 1498 2945 ACCUSATOR
1514 2917 1786 2943 HAERETICORUM
1802 2918 1845 2941 ET

874 2966 1148 2992 CATHOLICORUM
1165 2968 1356 2991 DEFENSOR.

435 3039 516 3084 Gap.
532 3038 606 3073 XC.
623 3059 666 3064 —
700 3038 727 3072 1.
751 3036 892 3071 Iohanu.
916 3036 972 3071 VI.
991 3035 1045 3070 44.
1117 3034 1147 3068 2.
1172 3035 1271 3070 Rom.
1297 3034 1384 3071 VIII.
1403 3034 1455 3069 24.
1524 3032 1555 3067 3.
1579 3031 1784 3066 delatrantes
1807 3031 1878 3065 MS.

347 3085 436 3129 Any.
457 3085 553 3124 Quod
567 3096 679 3118 verum
689 3089 783 3129 puto.
851 3083 883 3116 4.
900 3081 914 3116 Ι
931 3079 1081 3117 Corinth.
1098 3080 1190 3115 XHI.
1212 3081 1262 3116 17.
