2100 3342
446 228 499 270 22
1117 223 1313 250 PHILASTRI

445 329 533 386 puli
555 344 678 385 supra
698 330 872 381 lignum,
900 332 940 368 ct
966 331 1033 382 qui
1064 328 1329 370 intuebantur
1355 329 1397 369 in
1424 341 1536 382 eum,
1564 329 1829 370 salvabantur
1849 343 1874 370 a
1892 329 1982 384 pla-

446 401 508 451 gis
529 404 649 451 atque
672 398 843 438 diversis
864 396 1117 437 vulneribus.
1149 396 1213 436 Illi
1235 410 1327 449 ergo
1351 398 1534 450 serpenti
1555 411 1672 438 aereo
1693 411 1823 452 usque
1845 397 1898 439 ad
1918 411 1983 438 re-

446 481 537 517 gem
559 466 773 506 Ezechiam
795 465 1053 506 sacrificabat
1076 464 1315 505 Iudaeorum
1337 464 1531 519 populus,
1552 465 1837 507 formationesc
1859 467 1985 507 etiam

449 537 487 574 in
510 534 643 588 lapide
666 547 810 585 magno
841 533 951 574 velut
976 533 1173 584 obelisco,
1200 534 1267 586 qui
1296 537 1382 573 erat
1402 534 1444 573 in
1465 533 1618 587 templo
1639 535 1798 588 positus
1819 547 1891 588 pro
1914 548 1983 575 co-

447 603 604 651 lumna,
631 606 671 641 et
697 603 739 641 in
767 616 812 640 co
840 603 1061 642 incisiones
1090 605 1130 641 ct
1156 603 1447 656 impressiones
1475 615 1600 642 manu
1620 601 1851 654 hominum,
1872 605 1918 642 ut
1945 605 1986 643 et

446 670 672 710 litterarum
693 669 972 723 4quarundam
994 669 1228 724 sculpentes
1249 669 1388 710 Iudaei
1416 674 1456 709 et
1482 669 1677 711 formulas
1700 669 1882 711 diversas
1903 669 1982 711 tol-

446 738 602 778 lentes‘l
635 743 675 778 ct
704 744 904 792 ponentes
936 740 977 779 in
1009 738 1162 779 lamina
1194 738 1433 778 baiulabant
1459 739 1501 778 in
1528 737 1651 778 collo:
1682 729 1984 779 incantationes

447 808 570 847 etiam
593 806 786 846 docentes
815 811 855 846 et
876 806 987 847 velut
1008 806 1262 861 phylacteria
1280 805 1500 857 habentes,
1527 807 1607 847 imo
1628 807 1766 861 potius
1788 819 1983 847 exercen-

447 879 507 914 tes
532 874 751 922 maleficia,
783 874 926 915 eadem
953 875 1236 929 perimlebant,
1269 878 1389 927 atque
1422 873 1517 914 inde
1543 874 1781 928 alligaturas
1809 878 1850 915 et
1873 878 1983 915 tuta-

447 944 559 983 mina
579 956 650 983 suo
675 943 891 997 portabant
913 947 953 983 01
979 947 1144 997 portant
1164 944 1206 982 in
1227 946 1410 997 pectore,
1433 955 1535 995 quae
1558 941 1748 983 dominus
1769 942 1921 996 ubique
1943 944 1986 983 in

447 1011 555 1061 10110Ο
578 1015 761 1050 vetuerat
778 1013 882 1063 lieri,
901 1012 995 1064 quia
1012 1024 1193 1065 paganae
1212 1011 1423 1051 caecitatis
1446 1010 1545 1051 haec
1563 1014 1649 1051 erat
1665 1012 1869 1065 impietas.
1900 1011 1986 1052 Has

447 1080 568 1131 igitur
591 1078 851 1119 beatissimus
868 1079 1062 1119 Ezechias
1081 1092 1150 1119 rex
1171 1080 1463 1133 impressiones
1481 1079 1566 1120 sive
1584 1078 1837 1133 sculptiones
1859 1078 1987 1120 deleri

446 1147 585 1198 iussit,
613 1149 732 1200 atque
756 1148 860 1187 scrro
884 1147 969 1187 radi
991 1149 1155 1201 penitus
1183 1151 1304 1200 atque
1332 1145 1536 1196 exscindi3
1565 1160 1732 1187 aereum
1752 1148 1878 1188 etiam
1899 1160 1985 1187 ser-

445 1219 611 1268 pentem
628 1214 777 1269 deponi
795 1220 915 1268 atque
939 1214 1088 1265 frangis
1116 1216 1342 1269 praecepit,
1364 1229 1436 1268 pro
1459 1228 1536 1268 quo
1557 1215 1728 1256 meritog
1750 1218 1813 1256 est
1832 1214 1985 1256 libera-

444 1287 510 1323 tus
541 1298 565 1323 a
595 1282 757 1324 domino
791 1283 840 1323 (10
873 1283 1086 1324 obsidione
1118 1287 1233 1324 tanta
1252 1283 1471 1324 Persarum
1492 1286 1532 1323 et
1556 1282 1862 1336 Assyriorumh,
1887 1287 1986 1324 tune

446 1352 640 1406 temporis
663 1353 732 1405 qui
759 1358 959 1392 venerant
985 1353 1190 1406 captivare
1212 1351 1455 1392 Iudaeorum
1476 1350 1674 1405 populum
1694 1355 1815 1406 atque
1838 1352 1984 1392 civita-

446 1424 546 1472 tem,
567 1424 611 1460 ut
632 1419 702 1461 illa
722 1425 860 1473 nocte,
883 1434 962 1474 qua
982 1420 1155 1462 timebat
1179 1420 1371 1462 barbaros
1393 1433 1465 1460 rex
1484 1418 1699 1473 Ezechias,
1721 1419 1890 1474 angelus
1913 1419 1986 1462 clo-

532 1567 562 1601 4.
581 1566 792 1613 quarundem
813 1566 851 1600 Β.

500 1704 526 1727 0.
551 1693 774 1727 formationes
799 1692 904 1725 etiam
928 1693 1008 1734 ete]
1034 1691 1096 1725 Per
1113 1692 1179 1725 for-

442 1740 610 1773 mationes
628 1749 713 1782 quas
730 1738 897 1771 I’hilaster
915 1742 1030 1777 vocat,
1049 1742 1081 1770 et
1099 1738 1180 1770 inci-

1249 1692 1313 1725 hoc
1331 1695 1382 1725 est
1406 1690 1608 1731 comminui,
1631 1693 1671 1724 ut
1687 1700 1708 1724 a
1722 1691 1844 1735 Moyse
1860 1691 1987 1725 vitulus

1250 1738 1348 1770 Deut.
1372 1737 1433 1770 XI.
1452 1736 1504 1769 21.
1536 1736 1684 1770 Videant
1705 1737 1812 1781 igitur
1837 1737 1895 1781 qui
1919 1747 1987 1770 ser-

442 1786 555 1818 siones
575 1784 890 1828 impressionesque
916 1783 1079 1826 intelligit
1103 1782 1180 1815 cha-

442 1835 588 1863 racteres
629 1834 662 1862 et
696 1829 825 1871 figuras
862 1828 1090 1861 telesmaticas
1127 1840 1180 1861 co-

441 1876 579 1909 lumnae
618 1875 667 1907 illi
706 1875 909 1918 insculptas,
972 1874 1071 1906 uibus
1112 1874 1181 1907 vim

443 1920 753 1954 averruncatoriam
762 1920 955 1952 tribuerunt
988 1920 1117 1952 01011105
1126 1930 1180 1952 511-

442 1966 637 2011 perstitiosi,
652 1966 702 1998 uti
718 1966 865 2009 serpenti
876 1975 973 1997 aereo
983 1964 1119 1997 Parisiis
1130 1976 1179 1997 re-

441 2016 538 2070 perto
548 2012 588 2044 (10
598 2022 665 2055 quo
678 2010 864 2054 Gregorius
875 2010 1082 2043 Turonensis
1093 2010 1179 2043 VIII.

442 2057 495 2090 223.
531 2057 607 2090 Non
628 2056 808 2089 defuerunt
833 2056 937 2088 etiam
961 2056 1019 2099 qui
1043 2066 1179 2100 serpen-

442 2106 513 2136 tem
524 2103 639 2146 ipsum
656 2112 676 2134 a
688 2102 808 2144 Moyse
826 2105 974 2134 erectum
988 2100 1180 2134 habuerunt

442 2159 502 2193 pro
520 2148 698 2181 telesmate
716 2146 899 2186 eiusmodi,
925 2156 1029 2190 quam
1046 2150 1180 2179 senten-

442 2194 527 2227 tiam
551 2192 707 2226 confutat
730 2191 861 2225 Natalis
878 2191 976 2224 Alex.
994 2192 1029 2224 in
1046 2192 1179 2224 selectis

443 2239 612 2284 capitibus
635 2238 721 2271 IIist.
750 2236 877 2270 Eccles.
901 2237 1034 2270 Veteris
1062 2237 1180 2269 Testa-

442 2284 565 2325 menti,
584 2286 695 2316 aetate
711 2282 767 2316 IV.
785 2282 864 2315 diss.
882 2281 911 2315 6.
931 2285 964 2314 01
979 2282 1015 2315 111
1032 2281 1180 2315 Curiosi-

443 2330 571 2363 tatibus
588 2328 753 2362 Inauditis
770 2326 972 2361 Gaffarellus
989 2338 1017 2360 c.
1033 2327 1089 2361 VI.
1106 2329 1134 2370 ξ.
1150 2327 1180 2361 7.

444 2378 461 2417 (
461 2375 495 2408 F
495 2375 566 2408 abr.
567 2377 584 2415 )

500 2420 531 2453 d.
556 2419 721 2453 formulas
739 2419 890 2452 diversas
902 2418 1077 2460 tollentes]
1098 2418 1181 2451 Sen-

444 2477 503 2500 sus
522 2469 589 2506 est,
614 2465 721 2498 fuisse
746 2464 804 2508 qui
828 2475 872 2497 ex
895 2464 961 2497 11115
981 2462 1180 2496 characteri-

443 2513 508 2545 bus
526 2510 695 2556 quosdam
719 2509 948 2543 describerent
968 2509 1004 2541 in
1023 2509 1181 2551 laminas,

445 2557 700 2601 descriptosque
724 2558 901 2599 gestarent
922 2555 1030 2587 instar
1053 2555 1181 2587 amule-

444 2606 568 2643 torum,
587 2611 674 2646 quae
687 2612 771 2633 mox
781 2600 1008 2644 phylacteria,
1027 2603 1060 2632 et
1075 2600 1181 2633 latino

446 2648 628 2688 vocabulo,
655 2646 746 2690 quod
770 2645 861 2679 idem
881 2644 1070 2689 significat,
1096 2651 1183 2677 tnta-

445 2697 537 2727 mina
555 2692 721 2737 appellat,
747 2694 780 2723 et
804 2692 1011 2733 alliyaturas
1033 2690 1104 2723 sive
1128 2688 1197 2722 πε-’

448 2737 630 2784 ριὰμματα,
648 2737 689 2770 (10
708 2736 832 2780 quibus
849 2736 985 2780 copiose
1001 2735 1071 2768 Ioh.
1090 2734 1183 2768 Chri-

447 2785 578 2819 stianus
600 2783 825 2816 Frommanus
849 2781 935 2814 libro
961 2780 1001 2814 de
1024 2780 1050 2814 F
1053 2781 1183 2813 1150100-

447 2831 555 2871 tione⁷
574 2831 608 2862 et
621 2821 767 2861 Iacobus
778 2826 923 2860 Wolfius
940 2826 976 2859 in
990 2825 1183 2860 Scrutatore

447 2875 694 2910 Amuletorum.
735 2872 810 2914 (F.)

494 2932 522 2954 e.
546 2920 583 2954 in
597 2920 689 2964 Iege]
714 2917 820 2951 Levit.
837 2916 964 2951 XXVI.
988 2917 1016 2950 1.
1034 2920 1069 2950 et
1084 2916 1182 2950 Deut.

448 2965 540 3001 XVI.
555 2965 608 2999 22.
625 2975 712 3010 quae
729 2967 809 2996 sunt
823 2963 859 2996 in
874 2963 1063 3007 praeceptis
1079 2972 1184 3007 nega—

451 3012 529 3045 tivis
545 3009 637 3045 XIII.
656 3013 689 3043 et
703 3008 795 3044 XIV.
835 3008 910 3049 (F.)

507 3056 530 3091 f.
553 3055 688 3101 frangi]
722 3057 816 3094 nnz
839 3053 871 3087 4.
895 3053 980 3098 Reg.
1004 3052 1127 3089 XVIII.
1151 3052 1183 3086 4.

1250 1786 1387 1827 pentem
1411 1782 1508 1815 illum
1525 1781 1635 1815 adhue
1652 1784 1828 1815 ostentant
1842 1782 1879 1815 in
1895 1782 1987 1816 colu-

1250 1839 1331 1861 mna
1353 1828 1527 1872 integrum
1542 1827 1729 1860 Mediolani
1749 1826 1787 1860 in
1805 1828 1933 1872 templo
1951 1827 1987 1861 S.

1249 1874 1437 1914 Ambrosii,
1456 1883 1558 1917 quem
1574 1872 1744 1916 singulari
1759 1872 1846 1906 libro
1864 1872 1987 1906 descri-

1250 1919 1319 1964 psit
1332 1919 1451 1952 Petrus
1468 1918 1594 1951 Paulus
1611 1917 1722 1951 Bosca
1737 1915 1826 1951 Bibl.
1843 1917 1987 1952 Ambro-

1251 1965 1367 1998 sianae
1389 1963 1592 2008 praefectus.
1623 1962 1719 1996 Conf.
1741 1962 1824 1996 Geo.
1848 1963 1987 1997 Hieron.

1249 2009 1459 2043 Welschium
1476 2009 1516 2042 de
1528 2009 1624 2042 Vena
1635 2008 1829 2042 Medinensi
1843 2019 1923 2054 pag.
1933 2009 1986 2043 67.

1250 2067 1319 2100 seq.
1338 2059 1371 2088 et
1387 2054 1658 2099 Wagenseilium
1680 2053 1735 2086 τὸν
1756 2053 1934 2098 μακαρίτην
1951 2055 1989 2088 111

1249 2101 1392 2146 praefat.
1416 2100 1458 2133 ad
1483 2100 1609 2133 librum
1634 2098 1835 2132 Germanice
1858 2099 2008 2133 editum·

1250 2147 1290 2179 ‹le
1306 2147 1403 2180 More
1419 2145 1623 2179 Iudaeorum
1634 2143 1840 2178 Germanica
1847 2144 1988 2179 Hebrai-

1251 2192 1298 2225 cis
1312 2191 1482 2225 scribendi
1496 2191 1634 2232 litteris,
1652 2190 1712 2223 ubi
1728 2188 1880 2235 effigiem
1896 2190 1988 2225 illius

1250 2238 1417 2282 serpentis
1435 2235 1583 2270 exhibet.
1625 2235 1700 2277 (F.)

1302 2293 1334 2327 g.
1359 2293 1419 2327 pro
1445 2293 1510 2326 quo
1535 2281 1670 2323 merito]
1695 2280 1836 2315 Veteres
1858 2281 1989 2326 passim

1249 2331 1398 2361 meritum
1421 2330 1554 2372 ponunt
1576 2337 1636 2371 pro
1653 2325 1777 2360 Virtute
1802 2329 1837 2360 et
1852 2327 1987 2361 actione

1249 2374 1357 2415 bona,
1388 2383 1476 2418 quae
1507 2372 1568 2405 deo
1597 2372 1710 2416 placet
1733 2374 1767 2405 et
1795 2382 1900 2416 quam
1929 2372 1988 2406 ille

1250 2419 1410 2463 praemiis
1429 2418 1597 2462 dignatur.
1628 2416 1720 2450 Loca
1744 2417 1883 2461 collegit
1899 2417 1988 2452 Tho-

1250 2475 1324 2497 mas
1337 2465 1516 2498 Mortonus
1532 2463 1568 2496 in
1583 2461 1757 2495 Antidoto.
1775 2461 1906 2496 Dicitur
1922 2463 1986 2496 sei-

1251 2510 1330 2543 licet
1353 2509 1513 2543 meritum
1543 2507 1634 2552 quod
1656 2507 1804 2552 gratiam
1824 2511 1986 2550 meretur,

1250 2555 1272 2588 i.
1290 2567 1317 2588 e.
1337 2554 1570 2598 consequitur,
1594 2552 1659 2586 hoe
1679 2552 1771 2586 enim
1787 2556 1840 2586 est
1854 2554 1987 2595 mereri,

1252 2604 1289 2633 ut
1304 2601 1340 2634 in
1356 2600 1414 2633 illo
1431 2598 1562 2633 Zosimi
1576 2597 1624 2632 Pa
1650 2608 1704 2631 ae:
1734 2597 1760 2630 O
1768 2599 1859 2641 felix
1876 2600 1986 2643 eulpa,

1251 2658 1335 2688 (sicae
1360 2647 1458 2678 talem
1482 2646 1601 2677 meruit
1643 2643 1743 2676 abere
1758 2643 1990 2677 Salvatorem!

1251 2691 1363 2724 Etiam
1380 2702 1440 2735 pro
1465 2689 1564 2734 culpa
1578 2688 1739 2722 meritum
1757 2689 1841 2733 poni
1855 2690 1989 2723 notavit

1251 2737 1403 2770 Andreas
1429 2735 1588 2769 Schottus
1610 2733 1652 2767 II.
1680 2733 1730 2767 16.
1763 2733 1986 2769 Observ.Hu-

1251 2792 1442 2815 manarum.
1466 2779 1661 2814 Desiderius
1676 2778 1844 2813 Heraldus
1867 2779 1910 2813 ad
1925 2780 1986 2814 Ar-

1252 2828 1330 2860 nob.
1347 2827 1405 2860 lib.
1425 2826 1454 2859 l.
1473 2835 1552 2870 pag.
1570 2824 1623 2858 50.
1662 2824 1738 2866 (F).

1296 2872 1328 2906 h.
1352 2872 1533 2906 Persarum
1549 2873 1583 2903 et
1596 2869 1830 2914 Assyriorum]
1856 2870 1986 2904 Senna-

1252 2918 1408 2951 cheribus
1447 2916 1506 2961 qui
1535 2915 1774 2960 Hierosolyma
1811 2916 1987 2950 incassum

1253 2963 1386 2996 obsedit
1401 2962 1432 2995 4.
1448 2960 1664 3006 Reg.XV[H.
1675 2971 1746 3005 seq.
1770 2961 1987 3004 Assyriorum

1253 3014 1284 3041 et
1299 3009 1451 3041 Arabum
1473 3018 1534 3040 reae
1557 3005 1678 3041 dicitur
1692 3006 1865 3043 Herodoto
1880 3006 1940 3041 lib.
1954 3006 1985 3042 2.

1252 3063 1326 3099 cap.
1346 3053 1418 3087 141.
1457 3051 1533 3094 (F.)
