2052 3342
326 167 407 210 378

327 270 504 303 catholicis
521 269 748 312 rvlaaptinuwss·
773 278 811 299 ne
836 269 997 310 conJ'exm'o
1022 274 1053 300 et
1070 269 1238 300 invocatio
1256 270 1342 300 tanti
1359 271 1499 301 nominis
1513 269 1672 302 videatur
1689 267 1874 302 annullari.

327 317 432 348 Antor
450 315 489 347 (le
507 314 572 346 side
591 312 631 345 ad
651 313 785 345 l‘ctruni
805 311 996 345 Diaconum
1014 323 1088 357 cap.
1102 311 1156 345 111.
1180 311 1258 345 Sive
1276 315 1307 345 in
1327 312 1498 346 catholica
1507 315 1595 358 fide;
1611 316 1681 347 sive
1694 315 1728 346 in
1742 312 1877 346 haeresi

326 373 517 405 quai-unque
537 360 586 390 vel
602 362 634 391 in
652 358 831 390 schismata
848 361 1018 402 quisquam
1039 361 1070 390 in
1090 360 1216 390 nomine
1229 362 1346 402 patrie·
1364 359 1472 402 etfilii
1489 365 1519 391 et
1533 370 1549 390 8
1561 362 1673 393 ›i'rit‘ue
1688 360 1802 392 sancti
1817 357 1875 391 ba-

324 409 437 450 ptismi
453 412 698 436 ³uroranwntnm
719 406 900 446 acceperit,
920 406 1081 443 [uteorum
1099 411 1345 436 sacramentnm
1361 407 1504 447 accepit.
1558 405 1660 438 rtavii
1674 404 1789 449 igliur,
1806 403 1876 438 imo

326 450 484 484 insanivit
504 450 714 493 Agrippinas
733 448 959 493 (Nn-ephorus
979 449 1140 482 Callistus
1158 449 1275 481 eccles.
1291 448 1408 483 histor.
1424 449 1479 482 lib.
1496 448 1550 484 VI.
1568 460 1597 483 c.
1610 449 1682 483 VII.
1697 459 1878 495 perperam

326 497 424 530 huius
445 496 567 528 erroris
590 495 736 539 primuni
767 500 921 527 auton-in
946 494 1024 527 facit
1045 495 1272 539 t‘yprianuiul
1298 493 1577 537 carthaginensis
1595 495 1794 540 episcopus,
1820 495 1878 532 Qui

325 543 453 586 primus
473 541 626 573 oinniuin
646 540 854 577 mortalium,
878 545 995 572 contra
1019 539 1172 573 divinum
1190 551 1358 572 canonem
1376 546 1407 573 et
1428 540 1631 574 universalis
1649 540 1810 576 ecclesiae
1827 551 1878 574 re-

324 588 451 629 gulam,
478 586 757 630 rebaptizandum
775 597 849 618 esse
867 586 1010 619 censuit.
1060 585 1154 626 Quae
1172 586 1244 618 eius
1263 586 1496 636 praesumptio
1519 597 1587 619 non
1605 586 1718 620 solum
1734 585 1878 620 haereti-

324 634 372 666 cis
391 633 549 665 omnibu>
568 632 712 665 sormam
731 632 914 675 sacrilegii,
932 631 990 663 >ed
1009 632 1110 664 etiarn
1130 632 1335 676 quibusdam
1354 630 1530 665 catholicis
1548 632 1766 666 occasionem
1806 642 1879 666 rae-

327 679 397 712 buit
415 678 548 711 erroris.
596 677 683 710 Nam
702 684 854 721 ternpore
874 677 1022 710 Cornelii
1039 677 1101 710 l'I'.
1121 677 1232 710 visunt
1253 683 1304 710 est
1318 676 1489 722 Cypriano
1508 688 1587 710 cum
1603 677 1709 712 ferme
1729 676 1756 712 L
1795 676 1878 712 XX.

324 724 494 769 episcopis
519 723 589 756 suis
618 723 853 755 Africanarum
880 722 1119 763 ecclesiarum,
1152 735 1273 755 omnem
1299 722 1479 763 hominem,
1510 725 1567 768 qui
1589 729 1686 756 extra
1716 723 1880 757 ecclesiae

325 771 514 802 caelium-ae
539 771 791 801 communionem
818 770 1158 811 bn>ti.-a!11ssm'sset‚
1177 775 1328 812 oportere
1353 769 1401 802 ad
1423 769 1599 801 ecclesiam
1618 770 1797 802 venientem
1823 769 1879 802 de-

325 828 385 847 num
403 816 586 859 baptimri.
629 814 827 847 Vincentius
854 781 1041 847 {irinc—usis
1067 819 1185 847 contra
1203 813 1333 846 haeres.
1351 825 1390 846 ca
1417 841 1423 847 .
1442 813 1503 848 IX.
1529 814 1746 859 Augustinus
1763 813 1805 848 de
1820 814 1880 848 ba-

325 862 448 906 ptismo
467 866 585 893 eontra
598 860 796 892 ltonatistas
816 859 1315 894 lini.0.XV111.1il›.3.c.xll.
1334 859 1375 892 ad
1392 825 1607 893 Vini-entium
1619 859 1716 905 epist.
1726 858 1879 894 XLVIII.

324 914 442 940 contra
457 906 617 940 Crescon.
635 907 824 940 tjrainmat.
844 906 901 939 lii..
926 906 951 938 l.
971 918 998 938 v.
1018 904 1166 938 XXXII.
1187 906 1243 938 lib.
1262 904 1291 938 ⁸2.
1311 917 1338 938 c.
1356 904 1554 940 XXXVIII.
1573 905 1628 938 lib.
1655 904 1687 939 3.
1704 916 1734 940 c.
1752 904 1777 939 I.
1801 904 1880 940 Hie-

325 964 455 996 ronyni.
475 951 640 984 adversus
659 951 862 984 Lucili-rimi.
882 964 909 985 c.
922 952 952 983 5.
979 951 1171 995 Cyprianus
1190 950 1230 983 ad
1251 950 1417 990 Quintum
1435 950 1671 995 epist.LXXI.
1689 949 1730 984 ad
1746 949 1880 984 Iubaia-

326 1010 407 1032 nuni
425 998 522 1042 epist.
543 997 595 1031 Ῐ3.
615 998 655 1030 ad
676 998 840 1038 Magnum
860 997 957 1041 epist.
977 996 1148 1030 LXXVII.
1197 996 1264 1029 Sed
1282 996 1372 1040 quod
1391 997 1476 1030 tanti
1494 996 1607 1030 meriti
1625 1001 1658 1029 et
1674 999 1791 1030 tantae
1814 996 1880 1030 vir-

325 1045 406 1077 tutis
425 1044 618 1088 episcopus,
644 1042 684 1075 ‹le
705 1043 874 1087 baptismo
893 1043 989 1075 aliter
1007 1043 1163 1082 senserit,
1182 1053 1285 1086 quain
1304 1047 1374 1075 erat
1390 1042 1556 1086 inquisita
1576 1041 1775 1087 diligentius
1793 1042 1881 1075 veri-

325 1096 375 1123 tas
399 1090 592 1129 firmatura,
619 1089 768 1121 raritatis
787 1089 942 1121 ubertate
961 1094 1239 1132 compensatum,
1265 1093 1297 1120 et
1320 1088 1491 1132 passionis
1509 1088 1596 1121 falce
1613 1090 1799 1133 purgatum
1818 1091 1880 1129 est,

326 1142 359 1169 ut
379 1136 425 1169 ait
443 1135 628 1176 Augustin.
647 1134 722 1167 loco
741 1138 952 1179 praenotato.
972 1139 1003 1166 et
1022 1133 1109 1166 l'etr.
1129 1133 1312 1167 Lonibard.
1331 1137 1477 1167 sentent.
1495 1133 1554 1166 lib.
1571 1133 1602 1166 4.
1620 1133 1771 1167 distinct.
1789 1131 1822 1168 6.

393 1180 646 1214 Confirinentur
675 1191 800 1213 inanus
833 1179 1067 1223 impositione]
1102 1179 1271 1212 Eusebius
1293 1178 1357 1213 l'l'.
1380 1178 1406 1213 Ι.
1440 1179 1574 1224 epistol.
1595 1178 1621 1212 Ι.
1651 1178 1812 1213 decretali
1838 1178 1882 1212 ad

326 1226 458 1260 Galliae
484 1227 632 1271 episcop.
658 1231 738 1258 tum.
759 1225 780 1258 I.
823 1225 952 1259 Concil.
977 1225 1035 1259 sol.
1056 1225 1130 1258 ⁵209.
1183 1226 1282 1263 Quod
1302 1226 1522 1268 siynficasti's
1545 1225 1626 1269 quid
1647 1225 1688 1258 de
1713 1226 1882 1258 conversis

324 1272 506 1306 haereticis-
523 1275 594 1308 liet-1
615 1272 794 1310 drbiiisset,
813 1274 929 1303 scitote
947 1283 1004 1302 nos
1021 1282 1084 1309 eos,
1103 1272 1160 1315 qni
1176 1273 1208 1302 in
1225 1269 1259 1303 S.
1278 1271 1522 1315 trae'tzn'!ute‘.sflde
1540 1270 1706 1315 baptizati
1719 1275 1804 1311 eunt,
1845 1282 1882 1304 er

324 1311 564 1363 impositionem
584 1330 701 1349 manus
717 1319 896 1362 suscipere.
949 1316 1020 1350 vid.
1046 1316 1167 1350 lustin.
1191 1316 1334 1360 Martyr.
1359 1316 1393 1349 in
1417 1316 1609 1361 quaestion.
1632 1315 1676 1350 ad
1700 1314 1798 1350 ortho
1825 1326 1881 1350 ox.

325 1364 515 1409 quaestion.
537 1363 662 1396 1:;.s01.
679 1362 756 1397 312.

393 1410 429 1443 Si
447 1409 577 1454 parvuli
596 1414 686 1445 sunt,
705 1408 935 1453 respondeant
960 1419 1020 1452 pro
1046 1407 1113 1441 illis
1138 1407 1197 1452 qui
1225 1419 1284 1441 eos
1308 1406 1472 1451 offerunt]
1508 1407 1692 1452 Augustin.
1710 1406 1751 1441 de
1767 1407 1881 1442 verbis

324 1456 470 1501 apostoli
495 1466 643 1488 sermon.
668 1454 762 1489 XIV.
787 1454 827 1487 de
859 1459 1078 1499 peccatorum
1108 1454 1239 1487 meritis
1266 1458 1297 1486 et
1330 1454 1532 1487 remissione
1564 1458 1683 1488 contra
1703 1451 1785 1487 Pela
1813 1452 1891 1487 ian:

325 1503 381 1535 lib.
401 1501 424 1534 l.
443 1513 469 1534 c.
489 1500 653 1534 XXXIV.
671 1499 712 1533 ad
731 1499 950 1533 Bonisaciurn
967 1500 1066 1544 epist.
1082 1499 1212 1533 XXIII.
1237 1499 1278 1532 ad
1301 1499 1449 1533 Vitalem
1466 1500 1563 1544 epist.
1578 1498 1678 1534 CVII.
1723 1498 1787 1532 Wa
1804 1498 1882 1533 afri—

325 1548 387 1581 dus
414 1547 536 1580 Strabo
563 1546 602 1579 de
629 1547 730 1580 rebus
756 1546 943 1579 ecclesiast.
969 1558 998 1578 c.
1018 1545 1131 1579 XXV.
1180 1545 1342 1578 Rabanus
1366 1545 1507 1579 Itlaurus
1532 1545 1574 1579 de
1597 1544 1703 1579 instit.
1729 1544 1880 1579 clericor.

325 1594 381 1627 lib.
400 1593 424 1626 1.
442 1604 470 1626 c.
487 1591 617 1626 XXVI.
666 1591 787 1625 Petrus
811 1591 1023 1625 Lombardus
1045 1596 1190 1624 sentent.
1208 1591 1266 1624 lib.
1284 1591 1339 1624 lv.
1357 1590 1506 1624 distinct.
1521 1590 1576 1625 VI.
1625 1590 1745 1624 Cuncti
1760 1591 1809 1625 ad
1823 1591 1882 1624 ba-

319 1643 475 1684 ptismum
496 1639 769 1682 veniente-§fidem
785 1650 878 1670 suam
892 1639 1050 1682 profiteri
1066 1637 1196 1676 debent,
1216 1643 1246 1670 et
1263 1649 1426 1682 exponere
1443 1638 1525 1681 quid
1534 1637 1716 1681 petendum
1733 1638 1885 1670 venerint

326 1686 374 1718 ad
389 1686 577 1718 ecclesium.
606 1684 704 1722 Quod
724 1686 755 1716 si
779 1684 915 1716 adultus
933 1690 989 1719 est.
1003 1695 1070 1727 pro
1087 1695 1120 1715 se
1138 1683 1325 1726 respondet,
1343 1695 1377 1716 se
1395 1683 1534 1716 credere
1556 1685 1592 1716 in
1603 1689 1756 1728 patrem,
1771 1682 1883 1727 filium

325 1738 357 1764 et
370 1733 525 1775 spiritum
542 1736 705 1764 sanctum.
729 1728 770 1762 Si
786 1736 893 1762 autem
907 1729 1073 1773 parvulus
1090 1735 1147 1768 est,
1166 1740 1227 1761 non
1244 1729 1361 1762 valens
1378 1729 1516 1762 credere
1532 1729 1586 1761 vel
1599 1729 1698 1773 loqui,
1716 1728 1805 1762 alius
1814 1740 1882 1774 pro

325 1789 360 1810 eo
378 1777 563 1821 respondet.

392 1822 517 1855 Manus
541 1820 776 1866 impositione]
820 1819 1022 1855 Tertullian.
1046 1819 1086 1853 de
1104 1819 1278 1865 baptismo
1305 1830 1332 1854 c.
1349 1819 1438 1854 VIII.
1485 1819 1651 1854 Rabanus
1674 1819 1817 1854 Maurus
1841 1819 1882 1854 de

324 1868 471 1902 institut.
489 1867 688 1901 clericorum
706 1867 764 1900 lib.
782 1866 806 1900 Ι.
825 1878 854 1901 c.
872 1866 991 1900 XXX.

393 1912 585 1947 Chrismate
602 1913 820 1956 communiti]
844 1911 1035 1956 Cyprianus
1054 1910 1318 1956 Carthaginens.
1337 1912 1489 1958 episcop.
1507 1910 1619 1946 LXX.
1649 1911 1738 1956 Unqi
1753 1922 1884 1946 necesse

326 1966 374 1993 est
390 1971 459 1993 eum
485 1961 541 2003 qui
557 1959 750 2003 baptizatus
766 1961 826 1998 sit,
853 1964 887 1990 ut
910 1964 1050 2002 accepto
1074 1957 1257 1991 chrismate
1280 1969 1350 1991 esse
1373 1963 1493 1990 unctus
1517 1959 1588 1999 dei,
1609 1963 1643 1992 et
1657 1957 1782 1991 habere
1797 1959 1834 1991 in
1848 1968 1884 1990 ee

327 2005 461 2038 Christi
482 2007 634 2047 qratiam
682 2007 771 2037 ossit.
820 2004 1018 2037 Tertullian.
1048 2004 1088 2037 de
1117 2003 1289 2048 baptismo
1321 2014 1349 2037 c.
1374 2002 1448 2037 VII.
1496 2002 1634 2049 Origen.
1657 2003 1694 2037 in
1714 2001 1883 2037 Ezechiel.

326 2062 353 2084 c.
370 2050 463 2085 XVI.
480 2049 600 2084 homil.
618 2050 645 2083 V
668 2076 674 2083 .
723 2049 854 2094 Corpus
879 2050 1008 2084 Canon.
1033 2049 1183 2084 distinct.
1201 2049 1257 2084 IV.
1283 2049 1323 2083 de
1347 2053 1535 2083 consecrat.
1582 2049 1819 2084 Damascenus
1842 2048 1884 2082 de

325 2096 393 2130 fide
411 2095 591 2130 orthodox.
608 2096 668 2130 lib.
683 2095 715 2130 4.
734 2106 762 2129 c.
780 2095 826 2128 X.
1822 2131 1825 2133 ‚

392 2140 628 2176 Eucharistiae
651 2141 826 2185 mysteriis
855 2141 1095 2185 admittantur]
1129 2141 1373 2175 Ecclesiastica
1395 2141 1488 2176 enim
1509 2141 1722 2175 consuetudo
1746 2151 1817 2175 non
1831 2151 1883 2174 re-

325 2188 416 2221 natis
435 2199 479 2221 ex
497 2198 586 2232 aqua
603 2191 637 2220 et
652 2187 774 2232 spiritu
791 2198 859 2220 non
881 2186 984 2220 tradit
1000 2198 1125 2232 corpus
1143 2186 1280 2220 Christi.
1308 2186 1405 2221 Beda
1420 2188 1456 2221 in
1472 2187 1603 2221 Lucam
1618 2186 1678 2222 lib.
1692 2186 1748 2222 IV.
1764 2197 1793 2220 c.
1806 2186 1884 2221 XV.

326 2234 361 2267 in
403 2233 571 2267 uaestion.
589 2244 691 2278 super
706 2233 834 2266 librum
851 2233 986 2277 Regum
1004 2243 1032 2266 c.
1049 2232 1142 2267 XVI.
1159 2233 1195 2266 in
1211 2231 1329 2266 Iohan.
1346 2233 1406 2267 lib.
1426 2233 1455 2267 l.
1473 2244 1500 2267 c.
1519 2232 1550 2267 2.
1575 2231 1766 2286 Cyprianus
1784 2232 1884 2278 epist.

327 2279 353 2314 L
410 2279 450 2312 Π.
474 2279 658 2323 Augustin.
675 2278 711 2312 in
725 2277 842 2312 [ohan.
856 2283 952 2312 tract.
967 2278 998 2311 2.
1015 2278 1056 2312 de
1075 2279 1248 2323 baptismo
1266 2282 1386 2313 contra
1402 2278 1602 2313 Donatistas
1618 2279 1676 2313 hb.
1689 2277 1732 2312 Π.
1749 2288 1778 2312 c.
1791 2277 1884 2312 XIV.

328 2329 447 2359 contra
461 2324 636 2369 Pelagian.
653 2324 711 2357 lib.
727 2323 754 2359 I.
773 2335 800 2358 c.
817 2324 894 2358 XV.
943 2323 1091 2368 Cyrillus
1115 2323 1283 2358 Alexand.
1307 2325 1344 2358 in
1359 2323 1476 2359 Iohan.
1499 2324 1557 2359 lib.
1573 2323 1653 2359 XII.
1670 2335 1698 2358 e.
1715 2323 1753 2359 L.
1799 2323 1884 2358 Pro-

329 2370 475 2403 labemus
493 2384 515 2403 α
531 2373 757 2403 sacramentis
775 2370 1039 2410 catechumenos,
1057 2373 1209 2415 quami-is·
1224 2373 1400 2404 veritatem
1415 2373 1486 2404 iam
1503 2372 1728 2415 coqnoverint,
1745 2375 1778 2404 et
1779 2370 1884 2415 fldem

328 2429 453 2460 mayna
470 2428 550 2449 voce
567 2417 806 2460 confiteantur:
824 2418 904 2460 qnia
922 2416 1064 2449 nondum
1081 2417 1278 2460 locupletati
1292 2418 1417 2460 spiritu
1433 2423 1551 2450 sancto
1567 2423 1659 2457 eunt,
1677 2417 1736 2461 qui
1751 2414 1885 2449 habitat

328 2465 361 2494 in
380 2464 434 2503 iis,
452 2465 508 2506 qui
525 2462 725 2506 baptismate
743 2463 969 2495 consummati.
1014 2460 1106 2494 Unde
1123 2474 1220 2506 quum
1237 2461 1437 2506 baptismum
1451 2464 1658 2507 receperint,
1704 2463 1766 2495 uia
1779 2463 1883 2506 spiri-

329 2515 381 2542 tus
396 2514 533 2540 sauctus
550 2507 708 2540 habitare
725 2509 761 2539 in
777 2508 848 2540 illis
865 2508 1026 2547 creditur,
1045 2520 1068 2540 α
1085 2513 1177 2540 tactu
1194 2514 1227 2541 et
1241 2509 1465 2541 communione
1480 2509 1648 2542 salutarie
1665 2506 1694 2541 C
1715 2508 1796 2540 rzsti
1810 2517 1883 2539 cor-

322 2556 422 2599 poris
439 2565 501 2587 non
513 2552 746 2598 prohibentur.
786 2553 926 2586 Idcirco
951 2558 983 2586 et
997 2553 1234 2586 accedentibus
1257 2554 1305 2586 ad
1321 2554 1580 2587 benedictionem
1595 2555 1771 2597 mysticam
1785 2553 1882 2585 mini·

327 2601 392 2632 stri
409 2601 557 2642 mysterii
565 2611 691 2642 maqna
704 2610 782 2632 voce
797 2600 956 2639 clamant,
974 2605 1098 2632 sancta
1110 2601 1258 2632 sanctis.-
1275 2600 1355 2632 solis
1368 2600 1595 2644 sanctificatis
1606 2600 1740 2644 spiritu,
1757 2602 1883 2631 tactum

329 2652 360 2678 et
386 2646 687 2688 sanctificationem
711 2647 864 2688 eorporis
889 2643 1016 2677 Christi
1046 2656 1229 2688 eonqruere
1259 2646 1498 2688 siqmficantes.
1545 2644 1618 2678 Imo
1642 2646 1774 2677 veteres
1793 2642 1884 2675 tanti

327 2690 481 2724 fecerunt
497 2689 561 2723 hoc
578 2694 832 2723 sacramentum
849 2694 887 2723 ut
909 2701 952 2723 ne
971 2689 1013 2722 ad
1036 2690 1285 2734 inspectionem
1312 2690 1451 2735 quidem
1473 2691 1547 2724 eius
1575 2689 1793 2723 admitterent
1813 2687 1883 2721 nisi

328 2735 446 2769 fideles
470 2741 502 2769 et
526 2736 726 2780 baptizatos.
776 2735 871 2769 Unde
903 2740 937 2769 et
958 2739 1036 2768 ante
1060 2736 1354 2769 consecrationem
1379 2736 1474 2770 exire
1495 2736 1701 2772 iubebantur
1725 2732 1881 2766 catechu-

331 2784 430 2821 meni,
455 2784 667 2824 enerynneenz'
691 2786 723 2814 et
746 2784 963 2825 poenitente-3.
1018 2781 1231 2825 Micrologus
1255 2781 1296 2814 de
1325 2782 1495 2816 observat.
1518 2780 1706 2814 ecclesiast.
1729 2788 1802 2823 cap.
1825 2777 1881 2811 LI.

329 2831 412 2860 tom.
431 2827 487 2860 IV.
505 2825 699 2860 bibliothec.
716 2831 863 2870 patrum.
888 2826 1063 2860 Maximus
1079 2823 1270 2860 Monachus
1287 2827 1324 2860 in
1340 2827 1557 2872 expositione
1568 2824 1743 2869 Liturgiae
1761 2834 1788 2857 c.
1804 2823 1881 2858 XV.

330 2875 364 2904 et
379 2872 470 2905 XVI.
494 2871 657 2905 Nicolaus
674 2871 833 2905 Cabasila
855 2872 977 2917 interp.
1000 2873 1036 2905 in
1059 2872 1212 2905 divinum
1236 2872 1443 2906 sacrificium
1467 2883 1494 2906 c.
1510 2869 1640 2906 XXIII.
1689 2868 1880 2903 Germanus

330 2916 606 2961 archiepiscopus
631 2916 927 2961 Constantinopol.
944 2928 1059 2951 rerum
1081 2918 1268 2951 ecclesiast.
1286 2917 1419 2952 theoria
1433 2917 1494 2952 fol.
1511 2915 1587 2949 678.
1605 2914 1681 2948 679.
1729 2913 1882 2949 Guilhel-

330 2972 408 2994 mus
424 2962 599 2995 Durantus
615 2963 800 2996 Minatens.
815 2963 980 2996 ecclesiae
997 2963 1146 3007 episcop.
1162 2963 1199 2996 in
1212 2963 1372 2996 rationali
1387 2963 1530 2996 divinor.
1543 2960 1737 2994 officiorum
1751 2959 1811 2994 lib.
1823 2959 1881 2995 IV.

331 3006 389 3040 fol.
407 3006 460 3040 37.
478 3008 536 3041 lib.
554 3007 608 3041 VI.
626 3007 684 3040 fol.
703 3006 863 3041 CXXIX.
899 3009 1060 3042 Albertus
1083 3008 1235 3052 Magnus
1248 3008 1426 3043 Ratisbon.
1443 3007 1593 3052 episcop.
1611 3005 1651 3039 de
1669 3005 1781 3040 officio
1797 3005 1881 3040 mis-
