2052 3374
665 272 713 297 DE
734 273 967 301 HAERESIBUS
985 276 1106 303 LIBER.

1601 287 1654 328 49

106 370 245 409 autem
274 370 554 424 evangelium‘
595 375 728 418 solum
759 380 930 435 accipit,
961 395 1045 423 non
1081 382 1312 438 evangelia,
1342 398 1419 427 nec
1455 378 1652 443 epistolas

104 434 248 478 ⁶Pauli
268 439 460 494 apostoli,
482 443 563 483 nisi
583 444 635 485 ad
656 445 919 490 Timotheum
940 454 981 490 et
997 450 1182 502 Titumss3
1205 466 1308 507 quae
1330 456 1443 497 enim
1464 456 1513 498 de
1531 457 1650 500 Chri-

103 508 166 546 sto
187 505 356 548 “dicunt
381 512 426 549 ut
455 509 504 551 de
527 510 601 554 deo
623 527 733 569 vero,
753 519 963 571 praeterit,
987 532 1088 573 quae
1111 526 1249 562 autem
1271 525 1388 577 quasi
1411 524 1460 566 de
1482 525 1649 569 homine

102 571 247 616 dicunt
265 575 532 633 ⁸scripturae,
555 595 601 623 ea
622 585 775 639 accipit
797 586 997 641 capitula,
1020 592 1061 633 et
1081 602 1213 643 neque
1237 590 1447 635 Christum
1469 595 1649 638 iudicem

100 654 191 684 esse
206 644 392 687 omnium
403 646 420 671 ¹²
437 649 666 693 confitetur.
702 653 778 702 Qui
795 653 980 696 devictus
997 660 1119 711 atque
1135 659 1298 712 fugatus
1316 675 1339 702 a
1356 662 1474 705 beato
1490 665 1647 708 Ioanne

98 711 369 766 evangelistai
396 720 438 757 et
459 731 480 758 a
502 719 756 774 presbyteris
779 721 828 764 de
846 724 1012 765 civitate
1029 724 1181 780 Ephesi
1204 728 1356 771 Romae
1378 731 1483 775 hanc
1501 733 1644 778 haere-

97 780 176 821 sim
196 778 441 826 seminabat.

177 848 394 894 Lucanus³
415 853 533 910 1post
553 858 680 901 istum
703 859 870 913 quidam
892 862 1045 904 similia
1066 862 1265 908 Marcioni
1288 872 1476 913 statuens
1499 887 1545 915 ac
1570 874 1640 917 (16-

95 929 282 973 cernens,
302 925 349 962 ut
368 920 437 964 ille
461 923 603 967 doctor
622 928 753 982 ipsius
774 928 971 984 Marcion,
993 935 1054 973 est
1077 933 1119 974 in
1142 935 1334 978 omnibus
1357 943 1590 984 ementitus.

174 986 269 1030 Fuit
287 989 457 1045 Apelles
488 993 714 1050 discipulus
745 998 879 1052 emsa,
909 999 1061 1041 similia
1088 1003 1132 1043 in
1164 1003 1413 1057 quibusdam
1440 1009 1640 1055 Marcioni

88 1055 355 1112 praedicans,
384 1062 454 1115 qui
481 1063 756 1118 interrogatus
786 1081 810 1107 a
839 1068 1086 1122 quibusdam
1117 1071 1319 1125 ¹quonam
1339 1076 1462 1120 modo
1487 1079 1535 1121 de
1558 1081 1637 1124 fide

90 1125 275 1180 sentiret,
295 1129 524 1184 respondit,
544 1130 637 1174 Non
651 1133 755 1176 mihi
776 1149 878 1191 opus
900 1142 963 1179 est
983 1137 1190 1181 2discere¹³
1211 1156 1235 1183 a
1250 1142 1472 1202 Marcione,
1493 1154 1538 1190 nt
1559 1150 1637 1194 duo

177 1215 208 1249 6.
225 1216 318 1252 beati
332 1217 431 1254 Pauli
445 1220 484 1254 A.
518 1220 548 1255 7.
567 1221 682 1258 dicunt
699 1223 740 1259 de
758 1224 819 1260 deo
834 1227 878 1260 Α.
897 1227 1015 1263 dicunt
1031 1230 1230 1275 scripturae,
1249 1238 1287 1267 ut
1303 1234 1343 1269 de
1361 1235 1423 1272 deo
1442 1238 1470 1272 b.
1507 1239 1537 1274 S.
1555 1243 1636 1276 scri-

83 1263 394 1354 ΡῒωῗεῖῗέᾐᾮἹ.
410 1315 445 1345 in
462 1312 569 1348 Babe.
589 1318 784 1362 inscriptum
801 1325 849 1352 est
863 1319 1034 1355 chssvs.
1058 1341 1101 1347 --
1147 1324 1173 1357 1.
1205 1326 1343 1371 quidam
1365 1334 1445 1375 post
1466 1332 1572 1368 istum
1589 1337 1634 1369 A.

83 1356 162 1397 post
174 1353 282 1388 istum
298 1356 436 1400 quidem
453 1359 482 1392 b.

173 1398 254 1445 Cap.
269 1401 407 1437 XLVII.
424 1404 460 1438 in
479 1405 585 1440 Babc.
602 1410 799 1454 inse-mptum
818 1418 865 1444 est
880 1412 1051 1448 Amnes.
1076 1434 1113 1439 —
1134 1415 1160 1449 1.
1179 1419 1350 1462 quomodo
1368 1423 1412 1456 Α.
1455 1424 1484 1458 2.
1503 1425 1632 1462 discere

83 1456 122 1485 e.‚
141 1445 181 1479 de
197 1448 359 1483 emendat.
377 1449 408 1484 I.
428 1449 468 1483 B.
489 1451 654 1488 Cotelerii.
673 1454 783 1489 dicere
802 1457 924 1492 ABccb.

81 1516 272 1549 sostomum
294 1517 400 1551 etiam
422 1517 539 1554 homil.
561 1520 755 1557 LXXXIII.
778 1525 820 1558 ad

79 1558 293 1610 Matthaeum
308 1573 389 1608 pag.
406 1562 482 1598 863.
499 1564 575 1600 865.
609 1568 684 1610 (F.)

123 1615 147 1649 f.
163 1618 353 1653 secundum
365 1619 494 1655 Lucam
507 1625 739 1671 evangelium]
750 1627 817 1662 Sed

78 1662 180 1696 variis
196 1663 308 1698 modis
324 1667 534 1709 mutilatum,
552 1674 655 1714 atque
671 1675 709 1705 ut
725 1673 816 1707 vide-

77 1710 132 1740 tm·
159 1708 233 1742 sine
260 1709 373 1745 Lucae
400 1714 539 1747 nomine
595 1716 741 1755 raefixo,
775 1730 814 1753 ac

75 1755 274 1797 praemissis
282 1757 466 1793 Marcionis
480 1760 566 1793 antit
592 1762 716 1796 esibus.
730 1764 814 1799 Vide

75 1798 323 1835 Tertullianum
351 1802 406 1836 IV.
435 1804 467 1837 4.
500 1811 618 1840 contra
648 1809 812 1844 Marcion.

73 1842 254 1880 Irenaeum
267 1846 293 1880 Ι.
303 1847 355 1881 29.
364 1848 482 1883 111.11.
514 1850 696 1895 Origenem
709 1855 767 1890 lib.
782 1856 811 1889 2.

74 1894 194 1924 contra
207 1891 346 1927 Celsum
360 1904 406 1939 pa
434 1921 441 1927 .
459 1895 512 1929 77.
529 1901 561 1930 et
577 1898 614 1931 in
629 1898 812 1935 Philocalia

73 1946 101 1968 c.
122 1935 155 1970 5.
177 1936 241 1983 Epi
265 1937 346 1973 han.
431 1940 472 1974 11.
498 1941 549 1975 10.
570 1955 641 1988 seq.
665 1950 698 1978 et
714 1945 810 1980 Nice-

72 1981 207 2017 tamIV.
218 1983 235 2016 1
262 2010 270 2017 .
293 1983 459 2020 Thesauri
472 1986 690 2024 orthodoxae
704 1990 808 2026 Fidei.

73 2025 116 2060 Ut
131 2026 168 2062 in
183 2029 259 2063 aliis
275 2029 323 2064 ita
339 2029 402 2070 hac
419 2043 555 2078 quoque
571 2035 607 2068 in
620 2041 716 2080 parte
729 2037 807 2072 Cer-

71 2071 169 2107 donis
277 2075 284 2082 “
305 2076 350 2110 tri
370 2077 424 2111 sui
439 2080 594 2124 vestigiis
610 2081 740 2116 Marcio
756 2084 806 2118 in-

69 2118 171 2160 stitit,
195 2119 236 2154 de
259 2131 328 2166 quo
351 2123 525 2176 appendix
541 2125 740 2162 Tertulliani
764 2129 806 2164 de

68 2161 268 2211 Praescript.
287 2177 361 2213 cap.
376 2169 432 2202 ol.
455 2171 583 2210 „solum
600 2175 804 2217 ‹ez-anqelium

69 2207 201 2252 Isiacae,
217 2223 278 2246 nec
294 2218 403 2247 tamen
419 2220 517 2248 totum
533 2219 686 2262 recipit.”
728 2220 803 2262 (F.)

66 2270 802 2365 εῒοῗὲὲῃῗαὲῗίωὲἓὲξὲἓωξέἑῗέεξῗοεξῗαζ

65 2356 140 2392 illas
163 2358 207 2392 ad
222 2359 442 2397 Timotheum
459 2373 499 2398 ac
514 2365 630 2400 Titum
645 2367 800 2412 repudia-

65 2405 118 2436 tas
140 2413 163 2437 a
181 2404 373 2449 Marcione,
396 2413 530 2444 constat
552 2421 570 2444 e
589 2411 799 2448 Tertulliano

64 2447 104 2482 V.
113 2447 167 2483 20.
174 2454 293 2485 contra
303 2452 478 2497 Marcion„
489 2455 709 2502 Hieronymo,
721 2458 799 2504 Epi-

62 2491 201 2539 phanio.
233 2495 310 2540 (F.)

105 2549 139 2585 h.
162 2563 273 2598 neque
286 2552 460 2591 Christum
471 2557 617 2593 iudIcem
630 2561 781 2596 omnium

61 2594 140 2631 Ideo
167 2598 358 2644 repudiavit
382 2601 536 2639 Marcion
563 2605 724 2650 epistolas
753 2618 773 2641 a

60 2640 295 2686 Timotheum,
318 2645 354 2680 in
399 2658 522 2683 uarum
542 2651 730 2695 posteriore
747 2653 794 2687 di-

17 2700 19 2702 ·
60 2691 150 2722 serto
164 2689 331 2735 scriptum
399 2718 407 2726 .
427 2693 456 2728 1.
478 2694 592 2730 Iesum
611 2695 794 2738 ,αέλλοντα

61 2731 171 2776 κρίνειν
187 2735 310 2775 ζῶντας
326 2736 379 2770 καὶ
395 2740 557 2785 νεκρούς.”
595 2745 612 2783 (
646 2746 670 2784 .)

102 2789 125 2823 i.
147 2800 170 2824 a
184 2791 285 2827 beato
299 2791 428 2830 Ioanne
443 2807 527 2831 evan
557 2798 667 2844 elista]
703 2800 792 2841 Quo-

57 2833 159 2870 modo
174 2835 250 2871 fieri
289 2842 394 2883 otest,
415 2841 527 2888 inquit
571 2845 683 2878 atinus
699 2845 789 2880 Lati-

56 2878 151 2923 nius,
173 2885 213 2916 ut
231 2849 384 2919 higaion
407 2885 570 2923 Cerdonis
592 2889 789 2936 discipulus,

56 2922 193 2961 Ioannis
214 2930 363 2974 apostoli
376 2934 530 2979 tempore
552 2936 708 2980 cognitus
737 2948 788 2972 es-

56 2973 130 3004 set?
157 2982 236 3008 cum
260 2985 325 3010 nee
348 2975 481 3013 Cerdon
508 2984 586 3014 ante
602 2981 787 3026 Hyginum,

56 3014 67 3058 (
97 3016 134 3050 m·
154 3017 262 3054 fuisse
282 3020 414 3057 Romae
437 3025 617 3071 episcopus
641 3027 788 3062 creditur

55 3068 77 3093 a
110 3061 152 3095 A.
163 3061 202 3097 C.
216 3063 290 3099 138.
301 3065 345 3100 ad
360 3067 446 3113 150.)
462 3080 524 3104 nec
539 3071 691 3106 Marcion
708 3078 787 3108 ante

54 3104 233 3146 Anicetum
247 3110 356 3156 (aba.
376 3113 449 3149 150.
465 3115 508 3150 ad
527 3116 613 3162 154.)
629 3119 786 3164 cognitus

888 1526 1005 1569 fuerit,
1024 1529 1249 1574 athenaeus,
1268 1534 1499 1574 Tertullianus
1518 1546 1551 1576 et
1565 1542 1629 1588 Cy-

887 1573 1026 1616 prianus
1044 1575 1176 1610 docent.
1215 1579 1291 1621 (F.)

933 1618 1013 1664 Cap.
1029 1620 1206 1655 XLVL-
1229 1635 1259 1658 a.
1284 1626 1455 1676 Lucanus]
1480 1633 1543 1667 Hic
1558 1634 1626 1669 Lu-

887 1667 1006 1698 cianus
1022 1666 1144 1701 dicitur
1156 1668 1348 1715 Epiphanio
1366 1681 1399 1708 et
1411 1676 1625 1715 Damasceno

883 1709 1023 1744 Haeresi
1038 1712 1092 1745 43.
1110 1718 1142 1747 et
1159 1714 1297 1751 Nicetae
1311 1718 1366 1752 IV.
1382 1721 1433 1755 15.
1459 1723 1626 1761 Thesauri

885 1753 1102 1792 Orthodoxae
1118 1759 1223 1794 Fidei.
1247 1762 1410 1800 Diversus
1435 1779 1455 1801 a
1470 1769 1623 1806 Luciano

882 1800 1087 1837 Arianorum
1102 1811 1253 1851 martyre
1273 1819 1291 1842 a
1310 1821 1376 1854 quo
1393 1812 1622 1852 Lucianistae.

882 1844 1063 1882 Caeterum
1089 1861 1109 1883 a
1132 1850 1297 1888 Rhodone
1322 1858 1412 1902 apud
1434 1859 1621 1898 Eusebium

879 1891 919 1924 V.
942 1892 990 1926 13.
1014 1895 1100 1928 Hist.
1114 1898 1178 1931 sub
1193 1897 1293 1932 λύκου
1312 1908 1464 1938 ποντικοῧ
1480 1910 1621 1944 nomine

878 1948 945 1971 non
963 1938 1155 1983 Lucanum,
1180 1949 1218 1977 ut
1239 1946 1375 1981 volebat
1390 1949 1560 1988 Baronius
1577 1956 1619 1989 ad

877 1983 916 2015 A.
933 1982 968 2017 C.
986 1985 1069 2027 146„
1088 1988 1147 2021 sed
1163 1988 1295 2025 Lucani
1310 1996 1516 2040 magistrum
1528 2001 1619 2035 Mar-

877 2028 1010 2064 cionem
1034 2031 1194 2079 intelligi,
1220 2036 1306 2071 bene
1328 2043 1460 2076 notavit
1482 2044 1521 2078 B.
1544 2046 1617 2082 Irti-

875 2074 953 2117 gius
976 2087 1056 2121 pag.
1083 2078 1155 2113 136.
1180 2080 1260 2115 diss.
1285 2083 1325 2118 de
1348 2086 1614 2127 Haeresiarchis.

873 2119 1031 2155 Meminit
1052 2122 1184 2159 Lucani
1205 2133 1340 2172 praeter
1362 2132 1502 2169 Tertull.
1529 2148 1557 2171 c.
1583 2139 1614 2173 2.

874 2164 914 2198 de
937 2165 1126 2203 Resurrect.
1150 2175 1192 2204 et.
1217 2184 1246 2207 c.
1269 2174 1323 2208 51.
1347 2177 1388 2211 de
1409 2179 1612 2230 Praescript.

874 2209 1038 2256 Origenes
1047 2214 1104 2249 lib.
1115 2215 1145 2249 ⁶2.
1156 2222 1272 2253 contra
1282 2219 1420 2258 Celsum
1429 2237 1461 2271 p.
1471 2227 1523 2261 77.
1536 2257 1550 2270 ‚.
1557 2242 1612 2263 αε-

871 2256 1113 2306 ταχαξάξαντας
1143 2261 1177 2295 δὲ
1204 2264 1240 2296 ‘Co
1270 2265 1461 2324 εὐαγγέλιον
1491 2263 1610 2315 {DQ

871 2300 930 2334 οὐκ
947 2303 1019 2336 οἰδα
1035 2305 1054 2347 ἢ
1072 2306 1145 2345 τοὺς
1170 2305 1232 2342 ἀπὸ
1249 2310 1441 2357 Μαρκεωνος
1460 2318 1512 2352 καὶ
1535 2321 1609 2361 τοὺς

871 2343 933 2379 ἀπὸ
951 2348 1184 2398 Οὐαλεντίνου,
1210 2351 1298 2400 οἶμαι
1316 2357 1350 2392 δὲ
1375 2362 1427 2395 καὶ
1451 2364 1526 2404 τοὺς
1544 2364 1607 2400 ἀπὸ

869 2392 1041 2428 Λουκᾶνου.
1081 2397 1156 2440 (F.)

912 2438 993 2484 Cap.
1016 2441 1152 2478 XLVII.
1178 2466 1221 2472 —
1244 2458 1276 2481 a.
1304 2449 1491 2498 discipulus
1516 2459 1604 2504 eius]

866 2483 942 2518 Non
964 2485 1111 2540 Lucani,
1141 2492 1201 2524 sed
1224 2493 1411 2532 Marcionis
1437 2501 1604 2549 intellige,

866 2540 967 2574 quem
989 2537 1221 2571 institutorem
1244 2544 1277 2572 et
1298 2544 1603 2586 praeformatorem

864 2576 991 2620 Apellis
1015 2584 1115 2614 vocat
1130 2581 1360 2622 Tertullianus
1386 2601 1457 2636 cap.
1482 2593 1537 2628 30.
1560 2596 1601 2628 de

862 2619 1062 2678 Praescript.
1088 2625 1262 2673 [Origines
1279 2642 1307 2665 c.
1323 2632 1460 2671 Celsum
1477 2649 1509 2683 p.
1524 2640 1598 2674 267:

865 2664 902 2707 »ὁ
918 2667 1109 2713 Μαρκιωνος
1149 2674 1287 2720 νώριμος
1303 2675 1508 2729 Ἀπελλῆς.“”]
1527 2685 1597 2719 Ori-

861 2722 966 2755 genes
990 2713 1107 2750 homil.
1155 2745 1162 2751 .
1186 2719 1222 2754 in
1248 2721 1412 2760 Genesin:
1439 2731 1597 2774 „Apelles

861 2758 1044 2804 discipulus
1066 2765 1193 2806 quidem
1210 2766 1415 2813 ὖΙανοίοηίε,
1438 2777 1499 2808 aed
1513 2777 1595 2809 alte-

859 2805 930 2837 riue
952 2804 1127 2841 haereseos
1148 2815 1258 2854 maqz's
1283 2826 1380 2858 quam
1405 2821 1474 2852 eius
1497 2833 1592 2864 quam

860 2862 881 2881 a
897 2853 1058 2894 maqistro
1074 2860 1234 2900 auec-epit,
1251 2861 1402 2895 inventor
1414 2868 1530 2899 extitit.
1556 2867 1593 2899 Js

858 2895 932 2928 dum
949 2899 1126 2940 assiqnare
1138 2905 1232 2946 cupit
1243 2909 1374 2951 scripta
1387 2909 1492 2943 Mosis
1508 2912 1594 2944 nihil

855 2941 891 2972 in
905 2952 940 2974 ee
956 2943 1091 2977 divinae
1102 2949 1305 2992 sapientiae,
1323 2953 1468 2998 nihilque
1479 2960 1592 2989 sancti

854 2987 994 3029 spiritus
1006 2993 1186 3033 continere,
1204 3005 1390 3039 exctyqerat
1404 3000 1591 3035 hm'uamodi

856 3031 975 3065 dae'cta'’
992 3037 1055 3067 etc.
1083 3033 1212 3072 Lucani
1236 3042 1463 3087 συσγολαστὴν
1486 3047 1587 3091 Apel-

853 3075 920 3110 lem
937 3083 1034 3111 vocat
1050 3078 1112 3124 Epi
1138 3080 1258 3118 hanins
1276 3082 1353 3120 ΤῘΙ.
1397 3115 1403 3121 .
1420 3090 1495 3124 3811.
1509 3093 1586 3134 (F.)

901 3122 933 3156 b.
958 3123 1033 3159 Non
1096 3125 1103 3132 '
1132 3127 1139 3133 ‘
1164 3139 1248 3175 opus
1277 3136 1330 3166 est
1357 3100 1497 3180 cfiscere]
1532 3138 1584 3174 lta

1297 3188 1318 3220 4

1668 890 1734 923 cap.
1753 892 1849 918 XLVI.

1667 1018 1732 1051 Cap.
1752 1018 1864 1045 XLVII.
