2052 3342
139 298 203 331 Cap.
224 298 348 324 LXVIII.

173 639 238 671 eap.
258 638 350 664 Lx1x.

374 186 453 226 216
1041 178 1239 206 Aueus'nm

457 287 529 328 Est
550 285 630 326 alia
649 285 831 326 haeresis
852 283 973 325 nudis
994 283 1170 339 pedibus
1191 296 1354 338 semper
1375 282 1695 335 ambulantium,
1721 295 1770 324 eo
1797 282 1906 336 quod

377 356 565 396 dominus
588 353 733 393 dixerit
757 352 807 393 ad
827 352 995 406 Moysen
1018 352 1082 392 vel
1106 351 1155 392 ad
1178 351 1340 403 1Iosue,
1369 350 1488 392 Solve
1509 351 1835 392 calceamentum
1855 349 1905 391 de

378 422 546 477 pedibus
569 423 661 461 tuis.
692 420 742 462 Et
765 420 872 474 quod
894 419 1091 475 propheta
1112 419 1273 460 PEsaias
1295 418 1416 460 nudis
1439 419 1612 473 pedibus
1633 421 1769 460 iussus
1786 418 1908 459 fuerit

377 490 597 531 ambulare.
648 489 742 530 Ideo
765 504 856 540 ergo
879 489 1062 528 haeresis
1085 492 1166 539 est,
1194 489 1287 541 quia
1309 501 1389 529 non
1413 491 1579 542 propter
1600 488 1780 542 corporis
1801 485 1906 527 affli-

378 561 555 600 ctionem
570 560 625 598 sic
639 557 865 609 ambulant,
888 556 957 597 sed
973 558 1064 610 quia
1078 558 1313 597 testimonia
1329 555 1468 596 divina
1483 555 1621 597 taliter
1635 554 1906 608 ³intelligunt.

458 627 676 667 Donatiani
708 625 770 666 vel
798 624 1037 665 Donatistae
1067 630 1161 664 suut
1192 627 1257 678 qui
1284 626 1461 679 primum
1482 627 1648 679 propter
1675 623 1909 665 ordinatum

377 700 515 737 contra
549 708 663 735 suam
703 693 953 734 voluntatem
997 693 1296 744 Caecilianum,
1336 692 1533 733 ecelesiae
1574 692 1908 746 Carthaginensis

379 766 630 819 episcopum,
659 762 837 803 schisma
861 762 1066 804 fecerunt.
1098 761 1337 802 obiicientes
1360 762 1394 800 ei
1419 762 1593 801 crimina
1612 774 1694 802 non
1725 759 1909 815 probata,

377 836 416 873 et
438 833 612 872 maxime
643 830 750 884 quod
778 844 800 870 a
830 830 1092 870 traditoribus
1125 829 1354 869 divinarum
1384 831 1678 883 scripturarum
1702 829 1825 869 fuerit
1845 842 1909 870 or-

377 900 553 941 dinatus.
604 898 685 939 Sed
716 903 807 954 post
836 913 1000 939 causam
1031 912 1122 939 cum
1150 913 1196 938 eo
1226 897 1376 938 dictam
1398 902 1519 951 atque
1543 898 1701 937 {initam
1720 895 1911 937 falsitatis

377 969 433 1009 rei
457 968 720 1022 deprehensi,
742 968 939 1021 pertinaci
964 966 1219 1006 dissensione
1242 969 1422 1017 firmata,
1444 967 1486 1006 in
1507 965 1711 1006 haeresim
1732 963 1912 1006 schisma

377 1040 606 1087 verterunt,
627 1040 820 1089 tanquam
843 1035 1014 1076 ecclesia
1039 1035 1188 1075 Christi
1212 1038 1376 1088 propter
1398 1035 1569 1075 crimina
1585 1033 1820 1085 Caeciliani,
1840 1045 1912 1074 seu

378 1118 490 1146 vera.
519 1117 610 1156 seu,
640 1104 747 1157 quod
774 1105 903 1156 magis
928 1103 1129 1143 iudicibus
1151 1103 1361 1157 apparuit,
1382 1101 1504 1154 salsa,
1534 1101 1582 1143 de
1605 1105 1689 1143 toto
1711 1106 1913 1142 terrarum

379 1171 474 1214 orbe
502 1173 688 1226 perierit,
725 1171 794 1212 ubi
832 1172 969 1212 sutura
1005 1172 1207 1225 promissa
1243 1173 1326 1223 est,
1362 1174 1483 1224 atque
1518 1171 1561 1211 in
1595 1170 1735 1211 Africa
1762 1168 1914 1211 Donati

378 1246 490 1296 parte
513 1241 777 1291 remanserit,
801 1240 841 1280 in
863 1239 954 1279 aliis
978 1242 1176 1279 terrarum
1199 1241 1380 1293 partibus
1398 1240 1514 1292 quasi
1536 1239 1777 1291 contagione
1799 1251 1911 1280 eom-

378 1310 584 1350 munionis
615 1310 807 1348 extincta.
858 1308 1023 1349 Audent
1058 1309 1182 1347 etiam
1216 1307 1468 1362 rebaptizare
1499 1305 1742 1360 catholicos,
1771 1305 1843 1349 ubi
1870 1319 1914 1347 se

378 1376 554 1432 amplius
585 1375 812 1418 haereticos
843 1389 931 1416 esse
962 1379 1196 1429 firmarunt,
1225 1389 1317 1417 eum
1345 1375 1541 1417 ecclesiae
1570 1375 1793 1417 catholicae
1819 1376 1913 1416 uni·

378 1458 518 1486 versae
543 1443 738 1499 placuerit
760 1458 836 1486 nec
859 1447 897 1485 in
924 1446 1023 1499 ipsis
1044 1444 1263 1485 haereticis
1286 1444 1492 1499 baptisma
1513 1456 1728 1485 commune
1756 1446 1913 1486 rescin-

379 1513 485 1555 dere.
535 1513 666 1554 Huius
686 1512 868 1554 haeresis
891 1515 1118 1567 principem
1141 1514 1364 1567 accipimus
1387 1513 1512 1554 fuisse
1528 1511 1752 1565 Donatum,
1775 1513 1844 1566 qui
1865 1511 1914 1554 de

378 1580 569 1623 Numidia
592 1582 778 1634 veniens,
799 1584 837 1622 et
861 1586 1002 1622 contra
1024 1581 1300 1622 Caecilianum
1321 1580 1596 1622 Christianam
1617 1580 1806 1622 dividens
1826 1579 1914 1636 ple-

379 1650 494 1702 bem,
523 1649 726 1690 adiunctis
755 1649 833 1690 sibi
855 1649 1038 1690 eiusdem
1066 1649 1255 1691 factionis
1283 1650 1510 1704 episeopis,
1539 1648 1784 1690 Maiorinum
1808 1649 1917 1705 apud

380 1717 667 1771 Carthaginem
697 1717 900 1759 ordinavit
929 1718 1179 1772 episcopum,
1230 1718 1304 1759 Cui
1324 1717 1521 1760 Maiorino
1541 1716 1728 1759 Donatus
1749 1716 1853 1759 alius
1873 1719 1916 1758 in

382 1785 524 1828 eadem
548 1786 746 1828 divisione
770 1788 984 1839 successit,
1014 1787 1080 1840 qui
1104 1785 1338 1840 eloquentia
1359 1800 1433 1827 sua
1453 1787 1511 1828 sic
1533 1786 1790 1828 confirmavit
1808 1785 1914 1828 hanc

379 1854 596 1906 haeresim,
624 1858 667 1895 ut
689 1854 809 1895 multi
830 1856 1065 1895 existiment
1088 1859 1253 1910 propter
1274 1857 1409 1910 ipsum
1430 1856 1566 1909 potius
1588 1867 1656 1896 eos
1676 1853 1914 1896 Donatistas

379 1925 527 1964 vocari.
558 1922 709 1963 Extant
732 1924 883 1977 scripta
905 1925 1006 1975 eius,
1027 1923 1097 1964 ubi
1119 1927 1290 1979 apparet
1310 1937 1402 1965 eum
1425 1925 1548 1964 etiam
1569 1936 1651 1964 non
1674 1922 1915 1965 catholicam

381 1991 431 2033 de
452 1992 634 2031 trinitate
655 1991 847 2032 habuisse
870 1993 1132 2045 sententiam,
1154 1991 1226 2033 sed
1244 1993 1428 2046 quamvis
1446 1991 1631 2033 eiusdem
1647 1992 1915 2044 substantiae,

380 2060 581 2101 minorem
600 2063 746 2111 *tamen
773 2064 888 2114 patre
922 2060 1073 2113 lilium,
1109 2064 1149 2101 et
1183 2062 1387 2102 minorem
1414 2060 1497 2101 filio
1527 2064 1694 2116 putasse
1726 2061 1916 2115 spiritum

382 2132 583 2169 sanctum.
632 2128 785 2170 Verum
806 2130 847 2168 in
868 2127 999 2181 hunc,
1022 2143 1142 2183 quem
1164 2128 1212 2170 de
1233 2131 1418 2170 trinitate
1439 2129 1604 2182 habuit,
1630 2130 1917 2171 eiuserrorem

380 2197 689 2238 Donatistarum
709 2196 927 2237 multitudo
952 2199 1110 2238 intenta
1134 2212 1216 2239 non
1244 2198 1342 2251 fuit,
1373 2211 1448 2239 nec
1478 2197 1597 2239 facile
1632 2199 1676 2238 in
1712 2198 1771 2238 eis
1803 2198 1915 2252 quis-

384 2279 529 2320 quam,
557 2266 626 2318 qui
646 2264 722 2305 hoc
743 2264 859 2305 illum
881 2267 1059 2307 sensisse
1081 2268 1260 2318 noverit,
1288 2267 1507 2307 invenitur.
1556 2265 1632 2307 Isti
1657 2265 1853 2308 haeretici
1873 2267 1917 2307 in

381 2334 481 2374 urbe
501 2333 631 2374 Roma
650 2331 885 2374 Montenses
906 2340 1116 2387 vocantur,
1148 2335 1295 2389 quibus
1316 2334 1413 2376 hinc
1441 2348 1491 2375 ex
1514 2333 1654 2376 Africa
1674 2334 1808 2376 solent
1828 2336 1915 2390 epi-

383 2415 552 2456 scopum
567 2403 744 2453 mittere,
765 2405 835 2442 aut
849 2401 944 2443 hinc
966 2402 1061 2443 illuc
1078 2403 1167 2444 Afri
1189 2404 1373 2458 episcopi
1394 2416 1534 2444 eorum
1553 2415 1736 2457 pergere,
1758 2404 1793 2443 si
1811 2401 1916 2444 forte

382 2470 439 2511 ibi
470 2483 563 2510 eum
592 2469 777 2511 ordinare
804 2469 1038 2524 placuisset.
1088 2470 1154 2512 Ad
1181 2471 1286 2512 hanc
1314 2471 1519 2512 haeresim
1545 2472 1590 2512 in
1619 2470 1760 2512 Africa
1789 2474 1832 2511 et
1856 2470 1917 2512 illi

383 2539 590 2593 pertinent
610 2539 680 2592 qui
699 2537 958 2593 appellantur
979 2538 1354 2593 Circumcelliones,
1375 2553 1502 2593 genus
1522 2539 1738 2581 hominum
1757 2542 1915 2593 agreste

384 2610 423 2647 et
445 2606 742 2647 famosissimae
764 2606 971 2659 audaciae,
991 2620 1073 2647 non
1091 2607 1221 2649 solum
1238 2610 1281 2649 in
1297 2608 1398 2649 alios
1414 2608 1610 2649 immania
1625 2608 1807 2649 facinora
1821 2621 1914 2663 per-

384 2673 603 2728 petrando,
631 2674 704 2715 sed
730 2687 807 2716 nec
837 2675 918 2717 sibi
940 2674 1082 2716 eadem
1104 2677 1250 2718 insana
1269 2677 1429 2717 ferit-ate
1450 2675 1669 2731 parcendo.
1718 2675 1824 2718 Nam
1843 2689 1916 2731 per

384 2746 536 2784 mortes
563 2744 718 2796 varias,
745 2745 1003 2798 maximeque
1028 2745 1363 2799 praecipitiorum
1391 2748 1432 2786 et
1460 2757 1658 2799 aquarum
1684 2747 1725 2785 et
1757 2746 1915 2798 ignium

474 2888 555 2934 Cap.
569 2887 721 2924 LXVIII.
740 2909 783 2914 -
824 2889 852 2923 1.
874 2889 983 2924 Exod.
1004 2889 1062 2924 111.
1086 2889 1118 2924 5.
1164 2889 1230 2925 Ios.
1247 2891 1287 2926 V.
1308 2891 1358 2925 16.
1395 2891 1500 2925 Deest
1517 2893 1555 2924 in
1569 2890 1667 2925 MSS.
1683 2891 1739 2926 vel
1755 2891 1799 2925 ad
1813 2890 1914 2925 Iosue

387 2933 543 2977 (Bened.)
611 2934 642 2968 2.
654 2934 734 2969 Esai
749 2933 829 2969 XX.
847 2934 877 2969 2.
946 2934 979 2970 3.
997 2935 1220 2969 Amerhachii
1234 2942 1267 2970 et
1280 2936 1421 2970 Erasmi
1435 2938 1594 2970 editiones
1609 2942 1642 2970 et
1648 2937 1802 2982 plerique
1816 2936 1912 2970 MSS.

385 2982 535 3012 ominum
547 2979 626 3014 Ideo
644 2990 726 3024 ergo
742 2979 893 3014 haeresis
910 2985 971 3022 est,
994 2981 1074 3026 quia
1088 2992 1158 3014 non
1173 2986 1310 3026 propter
1327 2982 1477 3027 corporis
1494 2980 1716 3016 afflictionem
1731 2983 1781 3016 sic
1796 2982 1913 3016 ambu-

384 3023 466 3066 lant,
483 3024 543 3059 sed
558 3026 640 3070 quia
653 3025 848 3060 testimonia
864 3024 975 3060 divina
992 3026 1104 3060 taliter
1118 3026 1340 3071 intelligunt·
1395 3025 1550 3071 (Bened.)
