2052 3374
611 179 808 206 INDICL‘LUS
827 178 878 204 DE
896 178 1142 204 HAERESIBUS.

1566 176 1647 218 297

193 284 419 327 Photinus³
445 297 495 325 ex
517 284 808 339 Gallograecia,
829 283 1012 325 Marcelli
1033 281 1273 338 discipulus,
1300 281 1464 324 lSirmii
1484 280 1647 337 episco-
1671 299 1738 334 (περ.
1756 299 1880 326 xxxvi

110 366 188 409 pus
207 353 296 394 fuit.
345 353 423 394 Hic
443 353 613 395 Ebionis
632 353 839 394 haeresim
865 356 1096 394 restaurare
1125 356 1296 393 conatus
1318 354 1394 404 est,
1423 364 1525 405 quae
1547 350 1648 392 dicit

110 421 318 463 Christum
339 435 363 462 a
381 421 510 463 Maria
529 435 603 476 per
618 422 765 477 Ioseph
787 420 964 476 nuptiali
984 422 1093 462 coitu
1108 420 1234 462 fuisse
1252 424 1510 475 conceptum.
1540 419 1646 460 Huic-

110 487 340 544 ²Beryllus,
367 490 545 531 Arabiae
568 492 807 546 episcopus,
835 490 913 530 fuit
932 489 1126 543 quondan
1146 491 1190 530 in
1215 491 1485 544 perversitate
1509 489 1646 530 consi-

109 557 242 612 milis,
270 572 316 600 eo
339 558 448 613 quod
469 558 680 600 Christum
706 562 800 599 ante
826 557 1154 599 incarnationem
1180 558 1376 612 negabat,
1405 557 1480 599 sed
1503 560 1649 613 postea

107 626 159 667 ab
182 625 357 681 Origene
381 631 588 668 correctus
610 631 684 669 est.
733 627 840 668 Nam
862 630 1004 666 extant
1024 627 1111 668 eius
1133 626 1330 682 epistolae
1353 626 1406 667 ad
1427 625 1648 680 Origenem

108 694 256 748 factae,
276 695 320 736 in
341 695 491 750 quibus
513 709 555 737 se
579 694 938 750 congratulabatur
963 694 1014 736 ab
1037 695 1183 736 eodem
1202 695 1330 737 fuisse
1353 699 1598 750 correptum.

190 763 418 805 Eunomius
447 764 620 806 artificio
644 763 797 805 diaboli
826 763 1015 805 subtilior
1043 763 1163 805 1Ario
1184 777 1266 805 non
1288 763 1422 805 solum
1440 763 1649 805 haeresim

107 831 239 887 ipsius
269 832 487 887 perfidiae,
514 833 588 874 sed
615 832 782 873 alterius
809 832 1077 887 professionis
1104 831 1288 885 induxit,
1316 832 1459 873 dicens
1486 846 1570 874 non
1597 846 1648 873 ex

107 899 186 942 alio
207 900 284 942 filii
306 915 396 943 esse
418 901 708 954 substantiam,
728 914 861 955 neque
879 905 1109 942 creaturam
1126 900 1191 942 dei
1208 914 1298 942 esse
1314 901 1553 956 perfectam,
1575 900 1647 942 sed

107 981 158 1009 ex
173 970 263 1024 ipsa
275 970 405 1024 patris
423 970 656 1012 substantia
674 969 748 1010 filii
765 983 855 1011 esse
873 969 1165 1022 substantiam,
1186 969 1449 1024 splendorem
1464 969 1647 1021 luminis,

106 1050 190 1078 non
207 1037 347 1092 ipsum
367 1038 520 1091 lumen,
542 1043 583 1079 et
602 1040 821 1092 imaginem
845 1038 924 1091 dei,
945 1052 1028 1079 non
1043 1038 1180 1093 ipsum
1202 1037 1336 1091 deum,
1358 1052 1442 1079 non
1456 1037 1647 1078 videntes

105 1119 181 1160 per
199 1107 455 1162 impietatem
477 1120 595 1148 suam
614 1108 696 1162 ipsi
720 1106 849 1147 etiam
870 1120 1019 1160 negare
1042 1106 1151 1161 quod
1172 1106 1359 1148 credunt.
1410 1106 1514 1148 Cum
1535 1106 1646 1147 enim

45 1193 49 1196 ·
106 1173 384 1216 substantiam
405 1176 679 1217 confiteantur
697 1175 742 1216 in
763 1174 861 1228 filio,
891 1175 948 1217 ibi
970 1189 1018 1215 ex
1039 1174 1129 1230 ipsa
1150 1175 1384 1217 substantia
1408 1176 1547 1216 minus
1569 1174 1645 1215 ali-

106 1242 205 1296 quid
226 1243 335 1298 quod
356 1247 419 1285 est
438 1243 531 1299 ipsa
551 1243 783 1285 substantia
812 1244 1072 1285 confitentur.
1121 1243 1333 1286 Damnant
1358 1245 1492 1300 ipsam
1521 1257 1644 1298 quam

105 1324 130 1352 a
149 1325 224 1355 sua
243 1310 469 1355 ²minorem
488 1312 633 1354 volunt
653 1326 744 1354 esse
765 1312 1077 1355 3substantiam.

186 1520 514 1563 Praedestinatia
541 1524 639 1562 sunt
666 1522 735 1575 qui
765 1520 908 1562 dicunt-
936 1520 1043 1575 quod
1065 1519 1164 1562 deus
1186 1534 1270 1562 non
1291 1533 1433 1562 omnes
1454 1519 1643 1561 homines

102 1587 156 1630 ad
175 1588 253 1631 hoc
275 1590 443 1643 crearit,
475 1593 518 1631 ut
545 1603 688 1631 omnes
717 1589 948 1642 salventur,
977 1589 1050 1631 sed
1075 1594 1122 1630 ut
1139 1588 1408 1630 multitudine
1428 1588 1644 1630 hominum

102 1661 270 1699 ornetur
289 1657 489 1700 mundus:
512 1658 622 1713 quod
643 1658 721 1699 etsi
741 1657 923 1712 generali
941 1658 1246 1713 praedicatione
1269 1657 1399 1710 dicat,
1424 1657 1569 1698 Venite
1591 1657 1643 1699 ad

101 1726 194 1768 me¹³
215 1740 358 1768 omnes
381 1728 451 1782 qui
471 1726 667 1769 laborat-is
690 1731 730 1768 et
751 1728 908 1768 onerati
929 1728 1049 1779 estis,
1077 1730 1117 1768 et
1139 1740 1210 1781 ego
1233 1726 1415 1767 reficiam
1435 1740 1529 1779 vos,
1560 1740 1643 1768 non

100 1884 122 1919 2
147 1838 251 1919 BCap.
269 1839 434 1874 XXXVI.
450 1861 494 1866 —
514 1840 542 1876 1.
561 1840 677 1874 Sirmii
700 1825 881 1886 episcopus
908 1840 1045 1873 Coteler.
1059 1841 1080 1873 l.
1095 1841 1115 1873 l.
1125 1852 1161 1885 p.
1176 1838 1250 1873 78⁸2.
1268 1839 1537 1885 semiepiscopus
1553 1840 1640 1873 Men.

125 1911 132 1919 ι
167 1886 446 1977 (ξῌΠῘΞῘᾸΞΙΧΕἝἩ.
464 1952 508 1958 —-
536 1932 563 1965 1.
579 1932 678 1966 Arrio
695 1931 784 1966 Men.
854 1931 886 1967 2.
903 1931 1073 1965 minorem
1091 1931 1228 1965 coteler.
1243 1932 1264 1964 l.
1278 1932 1299 1964 l.
1312 1943 1396 1975 paq.
1411 1930 1486 1965 783.
1510 1931 1643 1965 minore

99 1976 189 2012 Men.
260 1976 291 2011 3.
308 1977 390 2010 Post
404 1990 474 2011 roc.
491 1978 722 2012 substantiam
746 1980 780 2010 in
804 1978 888 2010 libro
911 1991 933 2010 (ι
950 1978 1116 2010 Menardo
1139 1978 1225 2010 edito
1246 1990 1307 2009 uuo
1331 1983 1442 2010 tenore
1464 1984 1644 2021 sequuntur

100 2021 185 2056 Ιιαεο
200 2023 322 2056 verba.-
337 2023 411 2056 Huc
428 2034 537 2068 usque
554 2023 795 2067 Hieronymus.
835 2023 926 2056 Haec
950 2034 1030 2057 vero
1054 2033 1139 2068 quae
1157 2026 1362 2068 sequuntur,
1387 2033 1407 2056 a
1423 2027 1542 2057 sancto
1561 2034 1643 2057 Gas-

100 2079 208 2102 iumo
223 2068 434 2102 Massiliensi
450 2068 655 2113 Presbytero
674 2074 754 2103 sunt
770 2069 892 2114 posita.

144 2170 227 2216 Cap.
239 2171 404 2205 XXXVI.
417 2191 460 2196 —
473 2182 502 2206 a.
519 2170 684 2205 Photinus
722 2171 837 2205 Prima

98 2216 200 2251 huius
216 2217 359 2262 capituli
379 2217 483 2251 verba
507 2216 675 2262 deprehen
703 2218 729 2250 's
746 2217 836 2262 apud

906 2171 980 2205 bus.
1003 2171 1092 2205 Haec
1110 2181 1189 2205 vero
1208 2182 1294 2216 quae
1311 2176 1510 2216 sequuntur,
1528 2182 1548 2205 a
1567 2183 1644 2205 san-

905 2222 958 2251 cto
995 2216 1170 2251 Gennadio
1201 2217 1412 2251 Massiliensi
1441 2218 1643 2262 presbytero

97 2262 346 2307 Hieronymum
368 2262 419 2296 De
440 2262 530 2297 Eccl.
554 2263 691 2308 Scriptt.
715 2274 743 2296 c.
763 2263 836 2297 107.

101 2306 286 2350 „Photinus
303 2308 344 2341 de
359 2307 607 2362 Gallograecia,
623 2309 775 2342 Marcelli
789 2308 837 2342 di-

99 2354 269 2399 scipulus,
303 2353 421 2387 Sirmii
448 2355 629 2399 episcopus
658 2354 834 2387 ordinatus

97 2398 263 2433 Hebionis
286 2398 454 2433 haeresim
478 2400 668 2433 instaurare
690 2403 834 2433 conatus

99 2448 168 2486 est3
184 2449 304 2490 postea
320 2455 341 2478 a
351 2445 589 2479 Valentiniano
598 2445 750 2490 principe
759 2446 834 2490 pul-

99 2500 158 2524 sus
174 2491 321 2524 ecclesia
336 2491 435 2536 plura
451 2491 586 2535 scripsit
598 2491 785 2531 volumina,
799 2491 833 2524 in

98 2535 224 2580 quibus
239 2536 293 2570 vel
308 2536 492 2581 praecipua
514 2540 594 2569 sunt
610 2540 729 2569 contra
746 2535 836 2570 Gen-

98 2585 150 2615 tes
167 2585 201 2614 et
216 2581 259 2614 ad
274 2581 555 2616 Valentinianum
570 2581 680 2615 libri.''

155 2625 237 2672 Cap.
253 2626 450 2661 XXXVIII.
474 2647 517 2652 ——-
549 2638 578 2660 a.
602 2627 836 2660 Praedestina-

98 2671 197 2715 tiam]
227 2671 357 2706 Eodem
381 2683 449 2717 quo
471 2672 525 2706 hic
549 2672 664 2706 ordine
681 2671 744 2706 hae
767 2678 836 2706 tres

98 2715 257 2751 haereses
273 2723 463 2762 sequuntur
483 2719 517 2751 iu
536 2723 600 2750 vet.
618 2718 691 2752 cod.
709 2729 772 2751 ms.
786 2718 836 2751 St.

98 2762 244 2797 Victoris
260 2763 350 2808 apud
364 2763 530 2803 Parisios,
553 2764 610 2807 qui
631 2768 709 2807 post
730 2763 834 2797 finem

99 2807 178 2841 libri
198 2807 234 2842 S.
250 2809 436 2853 Augustini
461 2809 501 2842 de
524 2809 731 2842 Haeresibus
755 2809 835 2842 sub-

99 2852 250 2886 iunctam
273 2852 375 2888 habet
405 2853 573 2888 Gennadii
601 2854 835 2898 appendicem,

99 2900 184 2932 teste
199 2898 225 2932 I.
242 2898 423 2933 sirmondo
439 2900 587 2934 Historia
604 2899 835 2933 l'raedestina-

98 2943 193 2977 tiana
208 2954 238 2977 c.
253 2943 286 2978 5.
309 2947 354 2990 (p.
370 2944 446 2978 408.
471 2950 552 2978 tom.
570 2945 615 2978 X.
639 2944 726 2977 Bibl.
743 2944 833 2980 Patr.

101 2986 275 3032 Ganand.)
290 2990 326 3024 in
342 2989 432 3024 hunc
449 2991 604 3024 modum:
626 2989 735 3031 ,Finit
751 2990 836 3023 rela—

99 3033 147 3067 tio
171 3033 207 3068 S.
228 3035 413 3080 Augustini
435 3036 586 3081 episcopi
610 3035 658 3068 De
679 3035 836 3068 Haeresi-

905 2268 986 2297 sunt
1000 2263 1127 2308 posita:

982 2331 1055 2365 XC.
1078 2331 1384 2366 praedestinatiani
1407 2336 1488 2365 sunt
1512 2332 1571 2377 qui
1595 2333 1642 2366 di-

1104 2384 1184 2411 cunt
1201 2377 1291 2422 quod
1308 2377 1390 2410 deus
1409 2382 1485 2410 cett.

965 2423 995 2457 X
1003 2422 1054 2457 CI.
1078 2422 1272 2457 Nestoriani
1280 2423 1397 2456 dicunt
1406 2427 1560 2456 sanctam
1569 2424 1643 2457 Yir-

1105 2469 1220 2513 ginem
1237 2473 1313 2501 cett.

952 2513 1059 2548 XCII.
1084 2513 1290 2558 Eutychiani
1317 2513 1436 2546 dicunt
1466 2513 1642 2548 dominum

1104 2559 1218 2593 lesum
1235 2563 1311 2592 cett.

939 2604 1059 2639 XCIII.
1084 2603 1300 2638 Timotheani
1323 2604 1439 2637 dicunt
1463 2603 1573 2638 filium
1590 2605 1642 2639 dei

1107 2661 1223 2683 verum
1246 2649 1384 2694 quidem
1406 2648 1581 2684 hominem
1599 2662 1641 2684 ex

1106 2695 1238 2739 virgine
1246 2695 1355 2728 Maria
1365 2700 1495 2737 natum,
1506 2695 1563 2729 sed
1573 2708 1642 2729 non

1106 2741 1152 2773 ita
1171 2751 1272 2773 unam
1290 2745 1366 2773 cett.

904 2786 985 2819 Post
1008 2796 1094 2830 quae
1115 2785 1219 2818 verba
1243 2785 1362 2819 deinde
1386 2786 1526 2830 legitur:
1555 2786 1642 2827 „Ex-

903 2832 998 2876 plicit
1016 2832 1099 2864 liber
1115 2831 1155 2864 de
1173 2831 1417 2869 Ilaeresibus,”
1442 2836 1479 2864 ut
1499 2831 1641 2865 dubium

903 2889 971 2911 nou
989 2877 1042 2916 sit,
1059 2877 1169 2921 inquit
1185 2876 1386 2910 Sirmondus
1399 2903 1406 2917 ,
1425 2876 1641 2910 Gennadium

904 2923 992 2956 ultra
1020 2933 1089 2955 nou
1112 2923 1335 2967 processisse,
1365 2928 1397 2955 et
1421 2921 1483 2955 has
1507 2927 1641 2956 tantum

905 2972 1051 3013 quatuor
1067 2968 1285 3013 complexum
1303 2979 1388 3001 esse.

950 3036 982 3070 b⁴
1001 3035 1122 3068 Venite
1139 3035 1180 3068 ad
1198 3037 1268 3079 me]
1291 3034 1411 3070 Matth.
1429 3035 1490 3078 XI,
1509 3035 1560 3070 28.
1595 3071 1598 3073 Α

1672 770 1738 804 Cap.
1757 770 1896 796 xxxv-11.

1669 1524 1735 1557 Cap.
1756 1523 1904 1550 xxxvm.
