2052 3342
407 282 457 322 52
1071 266 1265 294 PHILASTRI

407 396 509 437 quae
531 386 571 421 et
593 377 794 420 catholica
815 362 989 417 eeclesia
1010 371 1240 428 praedicat:
1264 367 1464 422 quosdam
1484 370 1619 407 autem
1641 376 1735 405 suos
1756 359 1935 417 proplie-

408 458 484 503 tas,
507 450 547 491 id
569 454 631 488 est
647 447 886 488 Montanum
909 443 1087 493 nomine,
1109 445 1148 481 et
1164 436 1394 480 Priscillam
1411 438 1452 475 et
1466 431 1755 476 Maximillame
1777 441 1938 470 annun-

409 523 533 571 tiant,
562 531 663 571 quos
701 528 832 568 neque
869 511 1089 567 prophetae
1126 521 1256 561 neque
1287 505 1472 545 Christus
1508 501 1724 543 nuntiavit.
1771 496 1942 539 Addunt

410 590 533 629 etiam
569 583 868 640 plenitudinem
904 580 1035 621 sancti
1071 574 1261 631 spirituss
1298 586 1379 614 non
1416 584 1488 626 per
1523 567 1750 624 ¹apostolos
1780 565 1941 607 Christo

412 657 532 697 dante
555 654 681 695 fuisse
705 663 957 700 concessam,
979 646 1050 687 sed
1074 659 1143 700 per
1165 643 1255 684 illos
1285 655 1380 682 suos
1410 636 1786 694 pseudoprophetas
1818 633 1942 674 aesti-

410 729 525 766 mant
546 723 835 777 ‘²impertitam,
857 723 898 759 et
915 719 1105 771 separant
1123 726 1165 753 se
1183 727 1207 752 a
1223 709 1424 752 catholica
1441 706 1614 748 ecelesia
1629 705 1725 759 ³per
1741 702 1833 744 illos
1850 714 1944 742 suos

411 794 424 817 ⁴
437 790 813 848 pseudoprophetas
860 791 899 827 et
944 784 1068 825 salsos
1110 782 1307 822 doctores.
1365 777 1441 817 ⁵11i
1479 778 1659 816 mortuos
1695 772 1946 826 baptizantss,

412 861 574 917 publice
597 859 791 913 mysteria
813 852 1063 903 eelebranth,
1084 846 1330 904 ⁴³Pepuzami
1359 845 1500 886 villam
1522 855 1659 894 suam,
1681 852 1783 894 quae
1805 839 1862 879 sic
1885 836 1946 878 di—

414 933 519 973 citur
540 931 584 970 in
604 928 793 981 Phrygia,
814 921 1072 965 Hierusalem
1097 917 1318 974 appellant,
1339 914 1409 955 ubi
1430 909 1656 954 Maximilla
1676 912 1716 949 et
1736 904 1950 963 ⁷Priscilla

414 1005 454 1041 et
484 1001 570 1054 ipse
598 997 817 1038 Montanus
846 994 952 1033 vitae
981 995 1143 1043 tempus
1174 998 1323 1026 vanum
1353 987 1393 1023 et
1420 981 1721 1023 infructuosum
1749 973 1948 1017 habuisse

416 1069 695 1111 dinoscuntm.
727 1063 808 1105 Ubi
830 1066 871 1103 et
890 1059 1131 1113 mysterium
1147 1049 1458 1108 sCynicorumkl
1481 1053 1521 1089 et
1536 1047 1706 1089 infantis
1723 1041 1951 1086 execranda

509 1193 535 1227 1.
553 1190 725 1237 apostolos
743 1188 861 1220 beatos
879 1183 1012 1218 Christo
1032 1182 1073 1215 A.
1122 1180 1152 1214 2.
1171 1177 1375 1223 impartitam
1396 1188 1422 1207 c.

840 1231 870 1265 (3.
888 1230 1062 1274 Pepugam
1080 1227 1123 1260 A.
1140 1225 1306 1269 Pepuram
1333 1221 1418 1254 Bab.

416 1247 470 1273 tas
489 1240 531 1273 A.
607 1236 638 1270 5.
656 1235 709 1268 Ilii
729 1233 769 1267 B.

1471 1172 1501 1207 3.
1519 1174 1654 1218 propter
1671 1170 1715 1204 A.
1761 1167 1793 1202 4.
1810 1165 1952 1213 prophe-

1495 1218 1525 1253 7.
1539 1217 1653 1251 Prisca
1670 1215 1793 1248 habent
1808 1213 1895 1248 Bab.
1918 1214 1954 1245 ‘in

418 1298 546 1329 maryy.
594 1282 625 1316 S.
643 1280 854 1314 scenicorum
873 1276 995 1308 liabent
1007 1273 1092 1306 Bal).
1111 1274 1144 1304 in
1161 1282 1290 1313 maryq.

422 1387 493 1426 ,καὶ
510 1386 628 1430 νεκρῶν
652 1380 820 1414 ἀνάστασιν
846 1378 966 1423 ὁμοίως
991 1373 1151 1419 λέγουσι.”

418 1433 564 1477 Egregie
582 1430 645 1463 hoc
662 1429 764 1461 etiam
781 1426 907 1467 dogma
929 1421 1094 1464 singulari
1113 1420 1152 1452 de

1220 1369 1322 1413 ἔσται,
1340 1367 1425 1401 ἀλλὰ
1441 1365 1647 1400 συντέλεια”ε
1676 1364 1776 1406 „Post
1794 1374 1844 1395 me
1864 1361 1955 1394 nulla

1223 1417 1364 1461 amplius
1381 1417 1446 1447 erit
1455 1411 1644 1457 prophetis,
1665 1410 1724 1443 sed
1738 1411 1808 1442 iam
1816 1409 1898 1453 finis
1914 1417 1956 1439 ac

420 1471 677 1513 Resurrectionc
691 1472 810 1506 Carnis
828 1471 912 1503 libro
926 1466 1155 1513 propugnavit
1217 1460 1410 1507 perfia-tio?
1446 1458 1519 1499 (F.)

420 1524 665 1561 Tertullianus,
689 1520 757 1552 iam
773 1515 929 1551 Montani
953 1513 1153 1557 discipulus,

422 1572 517 1605 cuius
545 1566 770 1612 „prophetiam
791 1574 905 1595 noram
925 1562 965 1593 (le
978 1558 1155 1603 paracleto

422 1612 655 1649 inundantem”
672 1610 787 1643 laudat
805 1607 914 1652 capite
931 1606 990 1638 ult.
1009 1607 1043 1636 et
1059 1614 1084 1636 c.
1106 1602 1154 1634 11.

426 1664 485 1700 ..ile
510 1660 622 1704 quilius
645 1657 824 1690 luculenter
844 1664 907 1697 per
929 1649 1154 1695 prophetidem

424 1709 598 1740 Priscam.-
625 1705 751 1735 Carne-3
768 1705 856 1738 sant,
883 1704 915 1730 et
931 1706 1065 1729 earnem
1082 1694 1156 1726 ocle-

426 1752 531 1785 rimt.''
579 1749 652 1791 (F.)

470 1810 498 1831 e.
522 1797 736 1835 Montanum,
750 1789 938 1824 Priscillam
947 1791 979 1820 et
988 1784 1158 1819 Maximil-

425 1845 509 1886 lam]
541 1839 771 1875 Tertullianus
796 1838 913 1869 contra
935 1832 1102 1865 Praxeam
1130 1840 1157 1863 c.

430 1891 458 1923 1.
490 1887 601 1928 „Nam
625 1886 711 1917 idem
736 1889 810 1915 tunc
834 1878 1012 1920 (Praxeas)
1035 1879 1159 1920 episco-

423 1947 503 1980 pum
527 1933 708 1965 Romanum
733 1927 924 1971 (Victorem
949 1924 1038 1956 circa
1061 1922 1098 1954 A.
1123 1920 1158 1954 C.

432 1979 521 2023 198.)
539 1980 767 2021 aynoscentem
784 1975 848 2004 iam
862 1969 1060 2015 prophetia-s·
1068 1967 1161 1999 Mon-

430 2027 512 2065 tani,
525 2024 678 2060 Priscae,
687 2018 909 2055 Maximillae,
924 2021 955 2048 et
966 2026 1004 2047 ex
1017 2027 1056 2046 ea
1067 2014 1161 2056 aqui-

431 2074 516 2104 tionc
527 2079 648 2113 pacem
663 2065 810 2098 ecelesiis
827 2063 934 2093 Asiae
951 2059 1162 2101 etPltrJsyz‘ae

430 2119 634 2160 inserentem,
649 2111 749 2155 falsa
775 2110 813 2141 de
836 2109 919 2151 ipsis
936 2104 1111 2149 prophetis
1135 2108 1166 2135 et

434 2162 582 2194 ecelesiis
612 2168 722 2190 eorum
750 2152 990 2190 adseverando,
1015 2155 1045 2182 et
1060 2161 1163 2193 prae-

434 2209 636 2240 decessorum
650 2204 718 2235 eius
727 2200 943 2233 auctoritates
952 2195 1164 2239 defendendo,

435 2254 543 2295 (1οέφέ
575 2255 606 2282 et
637 2249 754 2280 literas
782 2245 883 2288 pacis
910 2252 1069 2274 revocare
1095 2242 1163 2272 iam

435 2300 587 2335 emissas,
612 2300 643 2326 et
665 2306 687 2325 a
705 2291 876 2336 proposito
899 2287 1165 2330 recipiendorum

436 2343 675 2376 charismatum
692 2334 854 2370 eessare.”
885 2332 978 2365 Idem
995 2341 1022 2364 c.
1041 2331 1070 2363 9.
1087 2329 1166 2363 libri

437 2389 477 2422 de
501 2387 640 2421 Anima:
675 2382 761 2424 „Est
783 2380 878 2413 hodie
893 2390 988 2411 soror
1004 2377 1096 2420 apud
1110 2388 1167 2408 nos

436 2434 672 2467 revelationum
700 2427 909 2460 charismata
939 2422 1077 2455 sortita“
1106 2426 1165 2453 etc.

437 2479 635 2523 Diligenter,
649 2478 688 2508 ut
704 2472 801 2512 solet,
814 2473 848 2503 et
860 2467 987 2502 erudite
1009 2467 1048 2500 de
1065 2467 1167 2500 iacta-

437 2526 481 2558 tis
501 2523 595 2557 hisce
616 2517 803 2565 prophetiis
824 2512 1059 2548 'tillemontius
1082 2511 1118 2545 T.
1137 2511 1168 2544 2.

437 2570 580 2604 Memor.
600 2565 730 2600 Eccles.
751 2574 784 2607 p.
806 2560 883 2594 419.
899 2569 970 2603 seq.
996 2557 1049 2600 [V.
1065 2556 1169 2601 Didy-

439 2626 535 2650 mum
562 2613 599 2646 in
621 2611 750 2645 Catena
770 2606 812 2640 ad
834 2605 936 2639 Actor
956 2602 1002 2644 X,
1021 2602 1070 2635 lO.
1086 2606 1168 2635 tom.

439 2661 495 2696 IV.
510 2656 659 2694 Aneedd.
674 2652 792 2688 Wolfii
806 2663 838 2697 p.
854 2650 907 2683 49.
921 2649 1007 2692 seq.]
1053 2648 1125 2689 (F.)

484 2706 507 2740 f.
530 2700 777 2750 plenitudinem
792 2695 902 2730 sancti
917 2694 1070 2739 spiritus]
1090 2692 1170 2726 Pro-

441 2751 642 2786 missionem
678 2745 718 2778 de
745 2742 866 2788 spiritu
893 2751 919 2773 s.
948 2738 1171 2784 impertiendo

442 2810 464 2832 a
479 2795 612 2831 Christo
629 2792 744 2829 datam
757 2786 986 2823 Montanistae
1000 2783 1174 2827 negabant

441 2840 730 2887 repraesentatam
744 2833 787 2868 ad
801 2833 942 2878 plenum
956 2830 993 2863 in
1008 2828 1174 2863 effusione

443 2890 536 2923 facta
547 2894 648 2930 super
659 2879 832 2927 apostolos
845 2877 957 2910 Actor.
971 2874 1012 2915 2.,
1025 2873 1085 2908 sed
1099 2885 1173 2918 per-

445 2933 620 2968 fectiorem
637 2928 708 2962 eius
733 2923 978 2959 exhibitionem
998 2919 1174 2964 impletam

445 2980 483 3013 in
504 2979 685 3015 Montano,
711 2971 894 3013 Priscaque
917 2970 951 3000 et
972 2965 1173 3008 Maxillima,

449 3029 484 3058 at
506 3023 664 3066 deinceps
685 3017 798 3052 nullos
821 3013 967 3058 amplius
990 3010 1174 3056 sperandos

449 3068 641 3114 prophetas.
655 3060 847 3100 Maximilla
854 3057 943 3115 apud
950 3055 1176 3102 Epiphanium

449 3112 599 3152 XLvm.
615 3111 646 3147 2.
665 3107 733 3153 »ὅτι
749 3105 816 3153 μετ’
833 3103 887 3149 ἔμε
904 3104 1056 3148 προφῆτις
1073 3100 1176 3135 οὐκέτι

1224 1498 1959 1586 ..mm

1224 1610 1308 1643 seq.,
1326 1563 1383 1642 gui
1400 1596 1442 1629 ab
1459 1594 1524 1628 hoe
1535 1555 1959 1628 liriontanistarumpabusu

1224 1648 1314 1678 recte
1345 1641 1525 1684 distinguit
1554 1640 1698 1672 alterum
1725 1634 1958 1671 Cerinthiano-

1225 1701 1300 1723 111111
1320 1692 1354 1722 et
1368 1686 1649 1721 Marcionitarum
1670 1683 1766 1717 vivos
1788 1692 1849 1727 pro
1871 1690 1959 1714 mor-

1225 1736 1293 1769 tuis
1318 1732 1575 1778 baptizantium,
1600 1730 1641 1763 de
1665 1740 1732 1774 quo
1757 1726 1895 1761 Grotius
1919 1724 1962 1758 ad

1230 1782 1258 1816 1.
1277 1780 1353 1814 Cor.
1371 1779 1446 1813 XV.
1463 1777 1517 1812 29.
1542 1780 1576 1810 et
1593 1774 1797 1808 Wilhelmus
1814 1771 1905 1806 Wall
1925 1771 1962 1803 in

1226 1826 1374 1861 Historia
1395 1820 1686 1867 Paedobaptismi‚
1715 1818 1850 1864 anglice
1871 1816 1962 1851 edita

1227 1884 1259 1918 p.
1277 1871 1341 1905 239
1358 1881 1428 1914 seq.
1475 1867 1550 1910 (F.)

1272 1916 1305 1950 h.
1328 1916 1464 1962 publice
1479 1912 1645 1957 mysteria
1666 1910 1853 1952 celebrant]
1883 1907 1962 1953 Epi-

1228 1963 1330 2008 phan.
1343 1960 1495 1996 XLVIII.
1511 1959 1561 1993 14.
1577 1958 1616 1991 de
1628 1957 1763 2001 Pepuza
1776 1952 1963 1999 Cataphry-

1230 2020 1314 2054 gum
1330 2016 1522 2041 sermonem
1537 2003 1682 2037 faciens:
1709 1999 1799 2044 »ὅθεν
1822 1998 1963 2044 ἀπερχό-

1232 2065 1319 2099 μενοι
1342 2048 1500 2098 μυστήριὰ
1529 2061 1597 2082 τινα
1628 2046 1824 2081 ἐπιτελοῦσιν
1855 2043 1886 2078 ἐν
1914 2045 1963 2088 τῷ

1232 2100 1325 2178 τῖῗπῳ
1335 2098 1387 2131 καὶ
1397 2094 1588 2142 ἁγιάζουσιν,
1598 2091 1642 2132 ὡς
1651 2088 1964 2137 ὑπολαμβάνουσιν.”

1276 2191 1299 2225 1.
1331 2188 1516 2234 Pepuzam]
1553 2185 1645 2220 Male
1671 2184 1707 2217 in
1735 2181 1964 2228 superioribus

1233 2235 1438 2270 editionibus
1450 2233 1627 2277 Pepuram.
1635 2228 1803 2274 Epiphan.
1813 2226 1964 2262 XLVIII.

1236 2282 1287 2336 14.
1308 2281 1444 2336 ᾖτιμίῗκτι
1460 2277 1494 2311 δὲ
1511 2275 1540 2310 οἱ
1554 2277 1694 2331 τὀιοῦτοι
1712 2273 1881 2329 καὶιτόπον
1897 2270 1966 2305 τινὰ

1234 2337 1399 2417 Ξὶἶῖἓῖηῗ
1407 2323 1627 2415 {afflata
1634 2319 1892 2410 ἳέἔξῒὲἕᾷέῗζῐῗ
1905 2329 1966 2395 ἰίἶῑ

1235 2429 1334 2496 ΐοισιν,
1353 2415 1452 2495 &fuse
1476 2411 1613 2491 ζατιᾷνοᾶι
1635 2408 1782 2490 τὴν-ἕνα)
1791 2408 1966 2490 ἕρὲσοί-

1253 2476 1312 2541 331..
1397 2471 1561 2506 eptimam,
1609 2468 1627 2491 e
1650 2467 1709 2502 qm
1734 2467 1775 2490 us
1908 2480 1916 2488 .
1958 2478 1966 2486 .

1235 2512 1252 2550 (
1280 2511 1314 2588 11).
1345 2550 1567 2596 Cynicorum]
1604 2547 1810 2593 Cynicorum
1839 2547 1966 2590 myste-

1237 2600 1326 2634 rium
1348 2598 1497 2632 illustrat
1522 2593 1800 2628 decantatissima
1831 2590 1891 2624 illa
1917 2589 1966 2623 fa-

1238 2645 1320 2679 bula
1351 2643 1392 2677 de
1418 2652 1501 2676 eane
1538 2639 1757 2673 tenebrarum
1781 2637 1905 2670 lenone
1931 2635 1967 2668 in

1239 2690 1391 2724 coetibus
1428 2691 1582 2721 veterum
1613 2684 1896 2718 Christianorum.
1927 2680 1967 2715 V.

1240 2746 1328 2780 quae
1343 2734 1549 2768 adnotarunt
1563 2730 1606 2764 ad
1622 2729 1761 2764 Tertull.
1777 2727 1924 2773 Apolog.
1936 2724 1968 2759 2.

1239 2781 1272 2815 7.
1291 2780 1344 2815 Ad
1358 2779 1448 2813 Natt.
1463 2777 1500 2819 Ι.,
1519 2775 1570 2810 16.

1291 2827 1313 2860 l.
1337 2824 1540 2870 mysterium
1555 2820 1778 2865 Cynicorum]
1797 2818 1848 2852 Al.
1863 2819 1969 2851 seem·-

1242 2884 1350 2906 corum
1360 2884 1370 2904 .-
1386 2869 1446 2904 sed
1459 2871 1578 2914 putem
1590 2865 1776 2911 legendum
1795 2864 1969 2907 Cyntillia-

1240 2929 1365 2958 norum,
1388 2915 1490 2960 idque
1508 2912 1674 2957 scripturn
1689 2921 1751 2955 pro
1777 2909 1970 2949 Quintillia-

1241 2975 1366 2997 norum.
1390 2958 1599 3006 Epiphanius
1614 2955 1766 2992 XLVIII.
1785 2954 1838 2990 14.
1864 2952 1915 2996 „gv
1930 2955 1970 2996 τῇ

1243 3008 1373 3052 συζύγῳ
1385 3005 1500 3047 ταύτης
1514 3002 1661 3048 αἱρέσεως
1676 3003 1731 3044 τῆς
1746 3001 1812 3034 τῶν
1828 2997 1971 3033 Κυϊντιλ-

1244 3053 1360 3086 λιανῶν
1377 3051 1477 3085 ε’ίτουν
1494 3047 1748 3094 Πρισκιλλιανῶν
1770 3045 1824 3079 καὶ
1846 3045 1970 3078 Πεπου-

1244 3099 1358 3138 ζιανῶν
1381 3094 1560 3141 καλουμένῃ
1584 3093 1683 3128 δεινόν
1705 3103 1736 3126 τι
1751 3091 1804 3126 καὶ
1823 3089 1970 3136 ἀθέμιτον
