<?xml version="1.0" encoding="UTF-8"?>
<!DOCTYPE html PUBLIC "-//W3C//DTD XHTML 1.0 Transitional//EN"
    "http://www.w3.org/TR/xhtml1/DTD/xhtml1-transitional.dtd">
<html xmlns="http://www.w3.org/1999/xhtml" xml:lang="en" lang="en">
 <head>
  <title>
</title>
<meta http-equiv="Content-Type" content="text/html;charset=utf-8" />
  <meta name='ocr-system' content='tesseract 3.04.00' />
  <meta name='ocr-capabilities' content='ocr_page ocr_carea ocr_par ocr_line ocrx_word'/>
</head>
<body>
  <div class='ocr_page' id='page_1' title='image "./corporishaereseo01epipuoft_0412.png"; bbox 0 0 2052 3342; ppageno 0'>
   <div class='ocr_carea' id='block_1_1' title="bbox 418 216 499 258">
    <p class='ocr_par' dir='ltr' id='par_1_1' title="bbox 418 216 499 258">
     <span class='ocr_line' id='line_1_1' title="bbox 418 216 499 258; baseline -0.012 0"><span class='ocrx_word' id='word_1_1' title='bbox 418 216 499 258; x_wconf 84' lang='lat'>390</span> 
     </span>
    </p>
   </div>
   <div class='ocr_carea' id='block_1_2' title="bbox 411 313 1958 3119">
    <p class='ocr_par' dir='ltr' id='par_1_2' title="bbox 411 313 1958 2352">
     <span class='ocr_line' id='line_1_2' title="bbox 421 313 1954 358; baseline -0.002 -9"><span class='ocrx_word' id='word_1_2' title='bbox 421 316 607 350; x_wconf 72' lang='lat' dir='ltr'><em>Christiani</em></span> <span class='ocrx_word' id='word_1_3' title='bbox 639 315 836 358; x_wconf 65' lang='lat' dir='ltr'>baptismum</span> <span class='ocrx_word' id='word_1_4' title='bbox 858 317 965 357; x_wconf 78' lang='lat' dir='ltr'>ipsum</span> <span class='ocrx_word' id='word_1_5' title='bbox 995 313 1082 346; x_wconf 73' lang='lat' dir='ltr'>nihil</span> <span class='ocrx_word' id='word_1_6' title='bbox 1105 314 1202 347; x_wconf 83' lang='lat' dir='ltr'>aliud</span> <span class='ocrx_word' id='word_1_7' title='bbox 1223 325 1320 358; x_wconf 82' lang='lat' dir='ltr'>quam</span> <span class='ocrx_word' id='word_1_8' title='bbox 1344 314 1500 353; x_wconf 75' lang='lat' dir='ltr'>salutem,</span> <span class='ocrx_word' id='word_1_9' title='bbox 1528 319 1774 347; x_wconf 80' lang='lat' dir='ltr'>sacramentum</span> <span class='ocrx_word' id='word_1_10' title='bbox 1804 315 1954 358; x_wconf 74' lang='lat' dir='ltr'>corporis</span> 
     </span>
     <span class='ocr_line' id='line_1_3' title="bbox 420 359 1954 402; baseline -0.002 -7"><span class='ocrx_word' id='word_1_11' title='bbox 420 361 547 395; x_wconf 67' lang='lat' dir='ltr'>Christi</span> <span class='ocrx_word' id='word_1_12' title='bbox 576 360 661 392; x_wconf 76' lang='lat' dir='ltr'>nihil</span> <span class='ocrx_word' id='word_1_13' title='bbox 682 360 778 392; x_wconf 79' lang='lat' dir='ltr'>aliud</span> <span class='ocrx_word' id='word_1_14' title='bbox 800 371 896 402; x_wconf 82' lang='lat' dir='ltr'>quam</span> <span class='ocrx_word' id='word_1_15' title='bbox 914 362 1015 392; x_wconf 76' lang='lat' dir='ltr'>vitam</span> <span class='ocrx_word' id='word_1_16' title='bbox 1038 365 1172 398; x_wconf 76' lang='lat' dir='ltr'>vocant,</span> <span class='ocrx_word' id='word_1_17' title='bbox 1198 362 1268 391; x_wconf 86' lang='lat' dir='ltr'>sine</span> <span class='ocrx_word' id='word_1_18' title='bbox 1285 359 1399 402; x_wconf 77' lang='lat' dir='ltr'>quibus</span> <span class='ocrx_word' id='word_1_19' title='bbox 1416 359 1464 391; x_wconf 87' lang='lat' dir='ltr'>ad</span> <span class='ocrx_word' id='word_1_20' title='bbox 1478 361 1580 391; x_wconf 78' lang='lat' dir='ltr'>vitam</span> <span class='ocrx_word' id='word_1_21' title='bbox 1597 365 1768 392; x_wconf 75' lang='lat' dir='ltr'><strong><em>aeternam</em></strong></span> <span class='ocrx_word' id='word_1_22' title='bbox 1791 369 1881 392; x_wconf 85' lang='lat' dir='ltr'>nemo</span> <span class='ocrx_word' id='word_1_23' title='bbox 1893 369 1954 402; x_wconf 84' lang='lat' dir='ltr'>po-</span> 
     </span>
     <span class='ocr_line' id='line_1_4' title="bbox 420 403 1953 449; baseline -0.001 -10"><span class='ocrx_word' id='word_1_24' title='bbox 420 413 479 440; x_wconf 79' lang='lat' dir='ltr'>test</span> <span class='ocrx_word' id='word_1_25' title='bbox 491 407 676 449; x_wconf 72' lang='lat' dir='ltr'>pervenire.</span> <span class='ocrx_word' id='word_1_26' title='bbox 702 406 808 438; x_wconf 85' lang='lat' dir='ltr'>Antor</span> <span class='ocrx_word' id='word_1_27' title='bbox 825 404 883 438; x_wconf 89' lang='lat' dir='ltr'>lib.</span> <span class='ocrx_word' id='word_1_28' title='bbox 908 403 948 436; x_wconf 89' lang='lat' dir='ltr'>de</span> <span class='ocrx_word' id='word_1_29' title='bbox 973 403 1038 437; x_wconf 89' lang='lat' dir='ltr'>fide</span> <span class='ocrx_word' id='word_1_30' title='bbox 1056 403 1099 436; x_wconf 87' lang='lat' dir='ltr'>ad</span> <span class='ocrx_word' id='word_1_31' title='bbox 1116 403 1252 437; x_wconf 86' lang='lat' dir='ltr'>Petrum</span> <span class='ocrx_word' id='word_1_32' title='bbox 1270 403 1462 436; x_wconf 87' lang='lat' dir='ltr'>Diaconum</span> <span class='ocrx_word' id='word_1_33' title='bbox 1479 413 1553 448; x_wconf 88' lang='lat' dir='ltr'>cap.</span> <span class='ocrx_word' id='word_1_34' title='bbox 1570 403 1713 439; x_wconf 84' lang='lat' dir='ltr'>XXVII.</span> <span class='ocrx_word' id='word_1_35' title='bbox 1730 403 1821 449; x_wconf 88' lang='lat' dir='ltr'>apud</span> <span class='ocrx_word' id='word_1_36' title='bbox 1837 404 1953 448; x_wconf 84' lang='lat' dir='ltr'>Augu-</span> 
     </span>
     <span class='ocr_line' id='line_1_5' title="bbox 419 448 1955 489; baseline -0.001 -5"><span class='ocrx_word' id='word_1_37' title='bbox 419 453 495 485; x_wconf 84' lang='lat' dir='ltr'>stin.</span> <span class='ocrx_word' id='word_1_38' title='bbox 515 457 595 484; x_wconf 85' lang='lat' dir='ltr'>tom.</span> <span class='ocrx_word' id='word_1_39' title='bbox 609 449 640 484; x_wconf 88' lang='lat'>3.</span> <span class='ocrx_word' id='word_1_40' title='bbox 657 449 715 483; x_wconf 87' lang='lat' dir='ltr'>fol.</span> <span class='ocrx_word' id='word_1_41' title='bbox 734 450 804 483; x_wconf 72' lang='lat'>164.</span> <span class='ocrx_word' id='word_1_42' title='bbox 848 448 1054 482; x_wconf 68' lang='lat' dir='ltr'><em>Firmissime</em></span> <span class='ocrx_word' id='word_1_43' title='bbox 1072 455 1157 488; x_wconf 80' lang='lat' dir='ltr'>tene,</span> <span class='ocrx_word' id='word_1_44' title='bbox 1183 455 1214 481; x_wconf 87' lang='lat' dir='ltr'>et</span> <span class='ocrx_word' id='word_1_45' title='bbox 1229 450 1416 481; x_wconf 73' lang='lat' dir='ltr'>nullatenus</span> <span class='ocrx_word' id='word_1_46' title='bbox 1433 449 1576 489; x_wconf 75' lang='lat' dir='ltr'>dubites,</span> <span class='ocrx_word' id='word_1_47' title='bbox 1600 460 1662 482; x_wconf 85' lang='lat' dir='ltr'>non</span> <span class='ocrx_word' id='word_1_48' title='bbox 1683 450 1786 483; x_wconf 79' lang='lat' dir='ltr'>solum</span> <span class='ocrx_word' id='word_1_49' title='bbox 1810 448 1955 482; x_wconf 76' lang='lat' dir='ltr'>homiues</span> 
     </span>
     <span class='ocr_line' id='line_1_6' title="bbox 417 495 1954 538; baseline -0.003 -8"><span class='ocrx_word' id='word_1_50' title='bbox 417 500 483 530; x_wconf 81' lang='lat' dir='ltr'>iam</span> <span class='ocrx_word' id='word_1_51' title='bbox 503 500 631 529; x_wconf 76' lang='lat' dir='ltr'>ratione</span> <span class='ocrx_word' id='word_1_52' title='bbox 648 501 786 534; x_wconf 74' lang='lat' dir='ltr'>utentes,</span> <span class='ocrx_word' id='word_1_53' title='bbox 809 506 918 527; x_wconf 77' lang='lat' dir='ltr'>rerum</span> <span class='ocrx_word' id='word_1_54' title='bbox 937 497 1036 527; x_wconf 81' lang='lat' dir='ltr'>etiam</span> <span class='ocrx_word' id='word_1_55' title='bbox 1049 495 1228 538; x_wconf 70' lang='lat' dir='ltr'>parvulos,</span> <span class='ocrx_word' id='word_1_56' title='bbox 1252 497 1308 538; x_wconf 81' lang='lat' dir='ltr'>qui</span> <span class='ocrx_word' id='word_1_57' title='bbox 1328 497 1396 526; x_wconf 75' lang='lat' dir='ltr'>sive</span> <span class='ocrx_word' id='word_1_58' title='bbox 1418 497 1452 526; x_wconf 80' lang='lat' dir='ltr'>in</span> <span class='ocrx_word' id='word_1_59' title='bbox 1469 495 1572 526; x_wconf 78' lang='lat' dir='ltr'>uteris</span> <span class='ocrx_word' id='word_1_60' title='bbox 1587 499 1728 527; x_wconf 83' lang='lat' dir='ltr'>matrum</span> <span class='ocrx_word' id='word_1_61' title='bbox 1744 496 1855 527; x_wconf 78' lang='lat' dir='ltr'>vivere</span> <span class='ocrx_word' id='word_1_62' title='bbox 1869 496 1954 527; x_wconf 76' lang='lat' dir='ltr'>inci-</span> 
     </span>
     <span class='ocr_line' id='line_1_7' title="bbox 411 539 1954 586; baseline -0.001 -13"><span class='ocrx_word' id='word_1_63' title='bbox 411 545 511 586; x_wconf 75' lang='lat' dir='ltr'>piunt</span> <span class='ocrx_word' id='word_1_64' title='bbox 533 549 561 574; x_wconf 82' lang='lat' dir='ltr'>et</span> <span class='ocrx_word' id='word_1_65' title='bbox 579 541 838 578; x_wconf 63' lang='lat' dir='ltr'>immoriantur,</span> <span class='ocrx_word' id='word_1_66' title='bbox 861 542 929 572; x_wconf 76' lang='lat' dir='ltr'>siz-e</span> <span class='ocrx_word' id='word_1_67' title='bbox 947 552 1017 572; x_wconf 78' lang='lat' dir='ltr'>eum</span> <span class='ocrx_word' id='word_1_68' title='bbox 1036 541 1075 572; x_wconf 78' lang='lat' dir='ltr'>de</span> <span class='ocrx_word' id='word_1_69' title='bbox 1093 540 1253 572; x_wconf 70' lang='lat' dir='ltr'>matribus</span> <span class='ocrx_word' id='word_1_70' title='bbox 1270 542 1343 572; x_wconf 74' lang='lat' dir='ltr'>nuti</span> <span class='ocrx_word' id='word_1_71' title='bbox 1371 541 1443 572; x_wconf 78' lang='lat' dir='ltr'>sine</span> <span class='ocrx_word' id='word_1_72' title='bbox 1465 545 1675 572; x_wconf 76' lang='lat' dir='ltr'>sacramento</span> <span class='ocrx_word' id='word_1_73' title='bbox 1697 542 1809 573; x_wconf 78' lang='lat' dir='ltr'>sancti</span> <span class='ocrx_word' id='word_1_74' title='bbox 1829 539 1954 584; x_wconf 76' lang='lat' dir='ltr'>baptis·</span> 
     </span>
     <span class='ocr_line' id='line_1_8' title="bbox 417 583 1954 631; baseline -0.001 -12"><span class='ocrx_word' id='word_1_75' title='bbox 417 589 532 626; x_wconf 76' lang='lat' dir='ltr'>mutis,</span> <span class='ocrx_word' id='word_1_76' title='bbox 554 587 640 631; x_wconf 86' lang='lat' dir='ltr'>quod</span> <span class='ocrx_word' id='word_1_77' title='bbox 656 587 756 618; x_wconf 83' lang='lat' dir='ltr'>datur</span> <span class='ocrx_word' id='word_1_78' title='bbox 774 588 806 618; x_wconf 77' lang='lat' dir='ltr'>in</span> <span class='ocrx_word' id='word_1_79' title='bbox 824 588 1083 628; x_wconf 75' lang='lat' dir='ltr'>nomine-patris</span> <span class='ocrx_word' id='word_1_80' title='bbox 1106 586 1214 628; x_wconf 74' lang='lat' dir='ltr'>etfilii</span> <span class='ocrx_word' id='word_1_81' title='bbox 1236 591 1267 617; x_wconf 80' lang='lat' dir='ltr'>ee</span> <span class='ocrx_word' id='word_1_82' title='bbox 1281 587 1421 628; x_wconf 77' lang='lat' dir='ltr'>spiritus</span> <span class='ocrx_word' id='word_1_83' title='bbox 1437 587 1563 624; x_wconf 75' lang='lat' dir='ltr'>sancti,</span> <span class='ocrx_word' id='word_1_84' title='bbox 1589 585 1629 617; x_wconf 87' lang='lat' dir='ltr'>de</span> <span class='ocrx_word' id='word_1_85' title='bbox 1645 583 1705 618; x_wconf 75' lang='lat' dir='ltr'>hoc</span> <span class='ocrx_word' id='word_1_86' title='bbox 1721 585 1830 618; x_wconf 79' lang='lat' dir='ltr'>seculo</span> <span class='ocrx_word' id='word_1_87' title='bbox 1846 590 1954 618; x_wconf 81' lang='lat' dir='ltr'>trans-</span> 
     </span>
     <span class='ocr_line' id='line_1_9' title="bbox 417 630 1956 674; baseline -0.002 -9"><span class='ocrx_word' id='word_1_88' title='bbox 417 638 507 670; x_wconf 81' lang='lat' dir='ltr'>eunt,</span> <span class='ocrx_word' id='word_1_89' title='bbox 539 634 626 674; x_wconf 75' lang='lat' dir='ltr'>iqne&#39;s</span> <span class='ocrx_word' id='word_1_90' title='bbox 658 633 787 663; x_wconf 69' lang='lat' dir='ltr'>aeterni</span> <span class='ocrx_word' id='word_1_91' title='bbox 809 633 1005 674; x_wconf 75' lang='lat' dir='ltr'>sempiterno</span> <span class='ocrx_word' id='word_1_92' title='bbox 1034 631 1198 674; x_wconf 70' lang='lat' dir='ltr'>supplicio</span> <span class='ocrx_word' id='word_1_93' title='bbox 1216 630 1420 673; x_wconf 77' lang='lat' dir='ltr'>puniendos:</span> <span class='ocrx_word' id='word_1_94' title='bbox 1444 632 1524 674; x_wconf 78' lang='lat' dir='ltr'>quia</span> <span class='ocrx_word' id='word_1_95' title='bbox 1547 632 1609 662; x_wconf 77' lang='lat' dir='ltr'>etsi</span> <span class='ocrx_word' id='word_1_96' title='bbox 1625 632 1790 674; x_wconf 74' lang='lat' dir='ltr'>propriae</span> <span class='ocrx_word' id='word_1_97' title='bbox 1812 632 1956 664; x_wconf 76' lang='lat' dir='ltr'>actionis</span> 
     </span>
     <span class='ocr_line' id='line_1_10' title="bbox 411 675 1954 722; baseline -0.001 -12"><span class='ocrx_word' id='word_1_98' title='bbox 411 683 589 722; x_wconf 75' lang='lat' dir='ltr'>peccatum</span> <span class='ocrx_word' id='word_1_99' title='bbox 608 677 726 708; x_wconf 78' lang='lat' dir='ltr'>nullum</span> <span class='ocrx_word' id='word_1_100' title='bbox 746 675 944 715; x_wconf 69' lang='lat' dir='ltr'>habuerunt,</span> <span class='ocrx_word' id='word_1_101' title='bbox 971 677 1149 717; x_wconf 71' lang='lat' dir='ltr'>orc&#39;qinalr&#39;s</span> <span class='ocrx_word' id='word_1_102' title='bbox 1167 682 1273 707; x_wconf 71' lang='lat' dir='ltr'>tumen</span> <span class='ocrx_word' id='word_1_103' title='bbox 1288 678 1426 718; x_wconf 73' lang='lat' dir='ltr'>peccati</span> <span class='ocrx_word' id='word_1_104' title='bbox 1441 676 1702 715; x_wconf 76' lang='lat' dir='ltr'><strong><em>damnationem,</em></strong></span> <span class='ocrx_word' id='word_1_105' title='bbox 1727 676 1864 708; x_wconf 79' lang='lat' dir='ltr'>carnali</span> <span class='ocrx_word' id='word_1_106' title='bbox 1880 686 1954 708; x_wconf 80' lang='lat' dir='ltr'>con-</span> 
     </span>
     <span class='ocr_line' id='line_1_11' title="bbox 417 718 1955 766; baseline -0.002 -10"><span class='ocrx_word' id='word_1_107' title='bbox 417 725 564 766; x_wconf 72' lang='lat' dir='ltr'>ceptione</span> <span class='ocrx_word' id='word_1_108' title='bbox 581 728 612 755; x_wconf 82' lang='lat' dir='ltr'>et</span> <span class='ocrx_word' id='word_1_109' title='bbox 628 724 802 754; x_wconf 65' lang='lat' dir='ltr'>narie-irate</span> <span class='ocrx_word' id='word_1_110' title='bbox 817 727 1000 755; x_wconf 52' lang='lat' dir='ltr'>trau-erunt.</span> <span class='ocrx_word' id='word_1_111' title='bbox 1026 720 1182 754; x_wconf 80' lang='lat' dir='ltr'>Clemens</span> <span class='ocrx_word' id='word_1_112' title='bbox 1198 720 1374 763; x_wconf 81' lang='lat' dir='ltr'>Recognit.</span> <span class='ocrx_word' id='word_1_113' title='bbox 1391 720 1449 754; x_wconf 89' lang='lat' dir='ltr'>lib.</span> <span class='ocrx_word' id='word_1_114' title='bbox 1466 719 1519 753; x_wconf 88' lang='lat' dir='ltr'>VI.</span> <span class='ocrx_word' id='word_1_115' title='bbox 1537 719 1594 754; x_wconf 85' lang='lat' dir='ltr'>fol.</span> <span class='ocrx_word' id='word_1_116' title='bbox 1613 718 1684 752; x_wconf 83' lang='lat'>102.</span> <span class='ocrx_word' id='word_1_117' title='bbox 1708 719 1824 764; x_wconf 75' lang='lat' dir='ltr'>Cyriil.</span> <span class='ocrx_word' id='word_1_118' title='bbox 1838 720 1955 754; x_wconf 85' lang='lat' dir='ltr'>Hiero-</span> 
     </span>
     <span class='ocr_line' id='line_1_12' title="bbox 417 763 1952 810; baseline -0.001 -10"><span class='ocrx_word' id='word_1_119' title='bbox 417 768 610 810; x_wconf 70' lang='lat' dir='ltr'>solymitan.</span> <span class='ocrx_word' id='word_1_120' title='bbox 631 767 664 799; x_wconf 91' lang='lat' dir='ltr'>in</span> <span class='ocrx_word' id='word_1_121' title='bbox 682 766 712 799; x_wconf 85' lang='lat'>3.</span> <span class='ocrx_word' id='word_1_122' title='bbox 731 765 896 799; x_wconf 78' lang='lat' dir='ltr'>cateches.</span> <span class='ocrx_word' id='word_1_123' title='bbox 915 767 1093 799; x_wconf 78' lang='lat' dir='ltr'>illuminat.</span> <span class='ocrx_word' id='word_1_124' title='bbox 1112 766 1338 808; x_wconf 75' lang='lat' dir='ltr'>Hierosolyru.</span> <span class='ocrx_word' id='word_1_125' title='bbox 1357 765 1414 798; x_wconf 90' lang='lat' dir='ltr'>fol.</span> <span class='ocrx_word' id='word_1_126' title='bbox 1433 764 1485 798; x_wconf 71' lang='lat'>20.</span> <span class='ocrx_word' id='word_1_127' title='bbox 1517 763 1706 809; x_wconf 77' lang='lat' dir='ltr'>Cyprianus</span> <span class='ocrx_word' id='word_1_128' title='bbox 1723 765 1764 798; x_wconf 87' lang='lat' dir='ltr'>de</span> <span class='ocrx_word' id='word_1_129' title='bbox 1779 765 1952 799; x_wconf 89' lang='lat' dir='ltr'>testimon.</span> 
     </span>
     <span class='ocr_line' id='line_1_13' title="bbox 417 809 1952 852; baseline 0 -7"><span class='ocrx_word' id='word_1_130' title='bbox 417 813 458 846; x_wconf 87' lang='lat' dir='ltr'>ad</span> <span class='ocrx_word' id='word_1_131' title='bbox 477 812 654 852; x_wconf 84' lang='lat' dir='ltr'>Quirinum</span> <span class='ocrx_word' id='word_1_132' title='bbox 672 812 729 845; x_wconf 91' lang='lat' dir='ltr'>Iib.</span> <span class='ocrx_word' id='word_1_133' title='bbox 744 811 800 845; x_wconf 86' lang='lat'>111.</span> <span class='ocrx_word' id='word_1_134' title='bbox 818 811 875 845; x_wconf 84' lang='lat' dir='ltr'>fol.</span> <span class='ocrx_word' id='word_1_135' title='bbox 892 811 968 844; x_wconf 70' lang='lat'>342.</span> <span class='ocrx_word' id='word_1_136' title='bbox 993 811 1033 844; x_wconf 92' lang='lat' dir='ltr'>ad</span> <span class='ocrx_word' id='word_1_137' title='bbox 1060 811 1314 844; x_wconf 78' lang='lat' dir='ltr'>Denietrianum</span> <span class='ocrx_word' id='word_1_138' title='bbox 1339 810 1397 843; x_wconf 83' lang='lat' dir='ltr'>fol.</span> <span class='ocrx_word' id='word_1_139' title='bbox 1415 809 1490 843; x_wconf 74' lang='lat'>258.</span> <span class='ocrx_word' id='word_1_140' title='bbox 1513 810 1554 843; x_wconf 91' lang='lat' dir='ltr'>de</span> <span class='ocrx_word' id='word_1_141' title='bbox 1578 810 1782 844; x_wconf 81' lang='lat' dir='ltr'>mortalitate</span> <span class='ocrx_word' id='word_1_142' title='bbox 1798 810 1857 844; x_wconf 83' lang='lat' dir='ltr'>fol.</span> <span class='ocrx_word' id='word_1_143' title='bbox 1875 810 1952 845; x_wconf 73' lang='lat'>272.</span> 
     </span>
     <span class='ocr_line' id='line_1_14' title="bbox 417 854 1953 902; baseline -0.002 -10"><span class='ocrx_word' id='word_1_144' title='bbox 417 857 597 892; x_wconf 81' lang='lat' dir='ltr'>Caesarius</span> <span class='ocrx_word' id='word_1_145' title='bbox 617 858 805 891; x_wconf 79' lang='lat' dir='ltr'>Arelatens.</span> <span class='ocrx_word' id='word_1_146' title='bbox 825 857 974 902; x_wconf 81' lang='lat' dir='ltr'>episcop.</span> <span class='ocrx_word' id='word_1_147' title='bbox 993 862 1076 891; x_wconf 88' lang='lat' dir='ltr'>orat.</span> <span class='ocrx_word' id='word_1_148' title='bbox 1097 856 1134 890; x_wconf 71' lang='lat' dir='ltr'>V.</span> <span class='ocrx_word' id='word_1_149' title='bbox 1153 856 1193 889; x_wconf 89' lang='lat' dir='ltr'>de</span> <span class='ocrx_word' id='word_1_150' title='bbox 1235 855 1337 889; x_wconf 79' lang='lat' dir='ltr'>ascha</span> <span class='ocrx_word' id='word_1_151' title='bbox 1355 855 1412 888; x_wconf 89' lang='lat' dir='ltr'>fol.</span> <span class='ocrx_word' id='word_1_152' title='bbox 1434 854 1505 889; x_wconf 83' lang='lat'>137.</span> <span class='ocrx_word' id='word_1_153' title='bbox 1533 854 1719 889; x_wconf 88' lang='lat' dir='ltr'>Primasius</span> <span class='ocrx_word' id='word_1_154' title='bbox 1736 855 1816 889; x_wconf 87' lang='lat' dir='ltr'>Afer</span> <span class='ocrx_word' id='word_1_155' title='bbox 1832 856 1867 890; x_wconf 90' lang='lat' dir='ltr'>in</span> <span class='ocrx_word' id='word_1_156' title='bbox 1885 856 1953 901; x_wconf 91' lang='lat' dir='ltr'>epi-</span> 
     </span>
     <span class='ocr_line' id='line_1_15' title="bbox 416 868 1954 946; baseline -0.001 -9"><span class='ocrx_word' id='word_1_157' title='bbox 416 905 538 937; x_wconf 83' lang='lat' dir='ltr'>stolam</span> <span class='ocrx_word' id='word_1_158' title='bbox 557 902 653 936; x_wconf 89' lang='lat' dir='ltr'>Pauli</span> <span class='ocrx_word' id='word_1_159' title='bbox 670 902 712 935; x_wconf 90' lang='lat' dir='ltr'>ad</span> <span class='ocrx_word' id='word_1_160' title='bbox 731 902 874 936; x_wconf 76' lang='lat' dir='ltr'>Roman.</span> <span class='ocrx_word' id='word_1_161' title='bbox 891 913 964 946; x_wconf 86' lang='lat' dir='ltr'>cap.</span> <span class='ocrx_word' id='word_1_162' title='bbox 980 902 1018 936; x_wconf 81' lang='lat' dir='ltr'>V.</span> <span class='ocrx_word' id='word_1_163' title='bbox 1037 914 1067 946; x_wconf 89' lang='lat' dir='ltr'>p.</span> <span class='ocrx_word' id='word_1_164' title='bbox 1082 901 1135 936; x_wconf 72' lang='lat'>48.</span> <span class='ocrx_word' id='word_1_165' title='bbox 1152 868 1302 934; x_wconf 59' lang='lat' dir='ltr'>Isidorus</span> <span class='ocrx_word' id='word_1_166' title='bbox 1320 901 1512 945; x_wconf 84' lang='lat' dir='ltr'>Hispalens.</span> <span class='ocrx_word' id='word_1_167' title='bbox 1529 900 1569 934; x_wconf 92' lang='lat' dir='ltr'>de</span> <span class='ocrx_word' id='word_1_168' title='bbox 1583 899 1704 934; x_wconf 85' lang='lat' dir='ltr'>officiis</span> <span class='ocrx_word' id='word_1_169' title='bbox 1722 901 1840 934; x_wconf 87' lang='lat' dir='ltr'>eccles.</span> <span class='ocrx_word' id='word_1_170' title='bbox 1856 901 1914 935; x_wconf 91' lang='lat' dir='ltr'>lib.</span> <span class='ocrx_word' id='word_1_171' title='bbox 1924 900 1954 935; x_wconf 71' lang='lat'>⁶2.</span> 
     </span>
     <span class='ocr_line' id='line_1_16' title="bbox 416 945 1954 991; baseline -0.002 -8"><span class='ocrx_word' id='word_1_172' title='bbox 416 960 443 983; x_wconf 90' lang='lat' dir='ltr'>c.</span> <span class='ocrx_word' id='word_1_173' title='bbox 461 948 587 982; x_wconf 75' lang='lat' dir='ltr'>XXIV.</span> <span class='ocrx_word' id='word_1_174' title='bbox 605 949 640 981; x_wconf 88' lang='lat' dir='ltr'>in</span> <span class='ocrx_word' id='word_1_175' title='bbox 659 947 806 981; x_wconf 85' lang='lat' dir='ltr'>Genesin</span> <span class='ocrx_word' id='word_1_176' title='bbox 825 958 852 982; x_wconf 88' lang='lat' dir='ltr'>c.</span> <span class='ocrx_word' id='word_1_177' title='bbox 867 947 959 981; x_wconf 82' lang='lat' dir='ltr'>XIII.</span> <span class='ocrx_word' id='word_1_178' title='bbox 977 947 1130 981; x_wconf 80' lang='lat' dir='ltr'>Senteut.</span> <span class='ocrx_word' id='word_1_179' title='bbox 1149 947 1205 981; x_wconf 93' lang='lat' dir='ltr'>lib.</span> <span class='ocrx_word' id='word_1_180' title='bbox 1222 946 1243 981; x_wconf 92' lang='lat' dir='ltr'>I.</span> <span class='ocrx_word' id='word_1_181' title='bbox 1262 958 1289 979; x_wconf 92' lang='lat' dir='ltr'>c.</span> <span class='ocrx_word' id='word_1_182' title='bbox 1304 945 1416 980; x_wconf 79' lang='lat' dir='ltr'>XXII.</span> <span class='ocrx_word' id='word_1_183' title='bbox 1449 946 1500 979; x_wconf 92' lang='lat' dir='ltr'>Au</span> <span class='ocrx_word' id='word_1_184' title='bbox 1530 946 1663 979; x_wconf 88' lang='lat' dir='ltr'>ustinus</span> <span class='ocrx_word' id='word_1_185' title='bbox 1680 946 1778 991; x_wconf 84' lang='lat' dir='ltr'>epist.</span> <span class='ocrx_word' id='word_1_186' title='bbox 1795 945 1954 981; x_wconf 85' lang='lat' dir='ltr'>XXVIII.</span> 
     </span>
     <span class='ocr_line' id='line_1_17' title="bbox 417 990 1955 1037; baseline -0.002 -9"><span class='ocrx_word' id='word_1_187' title='bbox 417 994 458 1028; x_wconf 92' lang='lat' dir='ltr'>ad</span> <span class='ocrx_word' id='word_1_188' title='bbox 477 994 671 1037; x_wconf 82' lang='lat' dir='ltr'>Hieronym.</span> <span class='ocrx_word' id='word_1_189' title='bbox 690 992 731 1026; x_wconf 91' lang='lat' dir='ltr'>ad</span> <span class='ocrx_word' id='word_1_190' title='bbox 752 993 881 1026; x_wconf 83' lang='lat' dir='ltr'>Valent.</span> <span class='ocrx_word' id='word_1_191' title='bbox 899 993 996 1037; x_wconf 83' lang='lat' dir='ltr'>epist.</span> <span class='ocrx_word' id='word_1_192' title='bbox 1014 992 1134 1026; x_wconf 89' lang='lat' dir='ltr'>XLIII.</span> <span class='ocrx_word' id='word_1_193' title='bbox 1152 992 1194 1025; x_wconf 84' lang='lat' dir='ltr'>ad</span> <span class='ocrx_word' id='word_1_194' title='bbox 1211 991 1377 1025; x_wconf 89' lang='lat' dir='ltr'>Evodium</span> <span class='ocrx_word' id='word_1_195' title='bbox 1395 992 1492 1036; x_wconf 84' lang='lat' dir='ltr'>epist.</span> <span class='ocrx_word' id='word_1_196' title='bbox 1526 990 1577 1025; x_wconf 80' lang='grc' dir='ltr'>Ἦ.</span> <span class='ocrx_word' id='word_1_197' title='bbox 1595 991 1638 1024; x_wconf 90' lang='lat' dir='ltr'>ad</span> <span class='ocrx_word' id='word_1_198' title='bbox 1651 990 1787 1024; x_wconf 86' lang='lat' dir='ltr'>Sixtum</span> <span class='ocrx_word' id='word_1_199' title='bbox 1804 991 1955 1036; x_wconf 85' lang='lat' dir='ltr'>presbyt.</span> 
     </span>
     <span class='ocr_line' id='line_1_18' title="bbox 417 1035 1957 1084; baseline -0.002 -11"><span class='ocrx_word' id='word_1_200' title='bbox 417 1040 513 1084; x_wconf 82' lang='lat' dir='ltr'>epist.</span> <span class='ocrx_word' id='word_1_201' title='bbox 535 1039 600 1073; x_wconf 86' lang='lat' dir='ltr'>CV.</span> <span class='ocrx_word' id='word_1_202' title='bbox 619 1038 659 1072; x_wconf 93' lang='lat' dir='ltr'>ad</span> <span class='ocrx_word' id='word_1_203' title='bbox 677 1037 893 1072; x_wconf 81' lang='lat' dir='ltr'>Bonifacium</span> <span class='ocrx_word' id='word_1_204' title='bbox 911 1039 1008 1082; x_wconf 86' lang='lat' dir='ltr'>epist.</span> <span class='ocrx_word' id='word_1_205' title='bbox 1028 1038 1109 1072; x_wconf 71' lang='lat' dir='ltr'>CVI.</span> <span class='ocrx_word' id='word_1_206' title='bbox 1129 1038 1170 1070; x_wconf 85' lang='lat' dir='ltr'>ad</span> <span class='ocrx_word' id='word_1_207' title='bbox 1189 1037 1349 1081; x_wconf 89' lang='lat' dir='ltr'>Optatum</span> <span class='ocrx_word' id='word_1_208' title='bbox 1369 1037 1465 1081; x_wconf 88' lang='lat' dir='ltr'>epist.</span> <span class='ocrx_word' id='word_1_209' title='bbox 1484 1035 1611 1070; x_wconf 89' lang='lat' dir='ltr'>CLVII.</span> <span class='ocrx_word' id='word_1_210' title='bbox 1637 1036 1677 1070; x_wconf 90' lang='lat' dir='ltr'>de</span> <span class='ocrx_word' id='word_1_211' title='bbox 1694 1036 1906 1081; x_wconf 83' lang='lat' dir='ltr'>correptione</span> <span class='ocrx_word' id='word_1_212' title='bbox 1923 1041 1957 1070; x_wconf 86' lang='lat' dir='ltr'>et</span> 
     </span>
     <span class='ocr_line' id='line_1_19' title="bbox 416 1081 1956 1129; baseline -0.001 -12"><span class='ocrx_word' id='word_1_213' title='bbox 416 1085 527 1129; x_wconf 87' lang='lat' dir='ltr'>gratia</span> <span class='ocrx_word' id='word_1_214' title='bbox 544 1095 616 1129; x_wconf 89' lang='lat' dir='ltr'>cap.</span> <span class='ocrx_word' id='word_1_215' title='bbox 629 1083 714 1118; x_wconf 82' lang='lat' dir='ltr'>VIII.</span> <span class='ocrx_word' id='word_1_216' title='bbox 732 1089 850 1117; x_wconf 82' lang='lat' dir='ltr'>contra</span> <span class='ocrx_word' id='word_1_217' title='bbox 867 1083 1034 1116; x_wconf 87' lang='lat' dir='ltr'>Iulianum</span> <span class='ocrx_word' id='word_1_218' title='bbox 1052 1083 1273 1126; x_wconf 77' lang='lat' dir='ltr'>Pelagianum</span> <span class='ocrx_word' id='word_1_219' title='bbox 1298 1083 1355 1115; x_wconf 76' lang='lat' dir='ltr'>nb.</span> <span class='ocrx_word' id='word_1_220' title='bbox 1374 1082 1428 1115; x_wconf 85' lang='lat' dir='ltr'>VI.</span> <span class='ocrx_word' id='word_1_221' title='bbox 1445 1081 1502 1116; x_wconf 82' lang='lat' dir='ltr'>fol.</span> <span class='ocrx_word' id='word_1_222' title='bbox 1521 1081 1596 1115; x_wconf 80' lang='lat'>750.</span> <span class='ocrx_word' id='word_1_223' title='bbox 1613 1085 1646 1115; x_wconf 81' lang='lat' dir='ltr'>et</span> <span class='ocrx_word' id='word_1_224' title='bbox 1663 1085 1816 1126; x_wconf 90' lang='lat' dir='ltr'>sequent.</span> <span class='ocrx_word' id='word_1_225' title='bbox 1840 1081 1881 1115; x_wconf 88' lang='lat' dir='ltr'>de</span> <span class='ocrx_word' id='word_1_226' title='bbox 1899 1082 1956 1116; x_wconf 92' lang='lat' dir='ltr'>ba-</span> 
     </span>
     <span class='ocr_line' id='line_1_20' title="bbox 416 1126 1956 1175; baseline -0.002 -12"><span class='ocrx_word' id='word_1_227' title='bbox 416 1131 542 1175; x_wconf 88' lang='lat' dir='ltr'>ptismo</span> <span class='ocrx_word' id='word_1_228' title='bbox 559 1135 679 1162; x_wconf 83' lang='lat' dir='ltr'>contra</span> <span class='ocrx_word' id='word_1_229' title='bbox 696 1129 897 1173; x_wconf 72' lang='lat' dir='ltr'>Pelagianos</span> <span class='ocrx_word' id='word_1_230' title='bbox 915 1134 996 1162; x_wconf 79' lang='lat' dir='ltr'>tom.</span> <span class='ocrx_word' id='word_1_231' title='bbox 1018 1128 1061 1161; x_wconf 86' lang='lat' dir='ltr'>X.</span> <span class='ocrx_word' id='word_1_232' title='bbox 1078 1139 1178 1161; x_wconf 90' lang='lat' dir='ltr'>serm.</span> <span class='ocrx_word' id='word_1_233' title='bbox 1194 1127 1284 1162; x_wconf 80' lang='lat' dir='ltr'>XIV.</span> <span class='ocrx_word' id='word_1_234' title='bbox 1302 1127 1342 1161; x_wconf 90' lang='lat' dir='ltr'>de</span> <span class='ocrx_word' id='word_1_235' title='bbox 1359 1127 1475 1161; x_wconf 88' lang='lat' dir='ltr'>anima</span> <span class='ocrx_word' id='word_1_236' title='bbox 1499 1131 1532 1160; x_wconf 89' lang='lat' dir='ltr'>et</span> <span class='ocrx_word' id='word_1_237' title='bbox 1548 1127 1622 1160; x_wconf 91' lang='lat' dir='ltr'>eius</span> <span class='ocrx_word' id='word_1_238' title='bbox 1640 1127 1771 1171; x_wconf 75' lang='lat' dir='ltr'>origine</span> <span class='ocrx_word' id='word_1_239' title='bbox 1788 1126 1830 1160; x_wconf 91' lang='lat' dir='ltr'>ad</span> <span class='ocrx_word' id='word_1_240' title='bbox 1847 1126 1956 1161; x_wconf 86' lang='lat' dir='ltr'>Rena-</span> 
     </span>
     <span class='ocr_line' id='line_1_21' title="bbox 416 1171 1956 1219; baseline -0.003 -9"><span class='ocrx_word' id='word_1_241' title='bbox 416 1182 488 1210; x_wconf 90' lang='lat' dir='ltr'>tum</span> <span class='ocrx_word' id='word_1_242' title='bbox 506 1175 563 1208; x_wconf 90' lang='lat' dir='ltr'>lib.</span> <span class='ocrx_word' id='word_1_243' title='bbox 583 1174 605 1207; x_wconf 92' lang='lat' dir='ltr'>I.</span> <span class='ocrx_word' id='word_1_244' title='bbox 624 1185 696 1219; x_wconf 90' lang='lat' dir='ltr'>cap.</span> <span class='ocrx_word' id='word_1_245' title='bbox 715 1174 774 1207; x_wconf 79' lang='lat' dir='ltr'>IX.</span> <span class='ocrx_word' id='word_1_246' title='bbox 793 1174 832 1207; x_wconf 88' lang='lat' dir='ltr'>de</span> <span class='ocrx_word' id='word_1_247' title='bbox 851 1174 977 1218; x_wconf 79' lang='lat' dir='ltr'>nuptiis</span> <span class='ocrx_word' id='word_1_248' title='bbox 1001 1180 1032 1206; x_wconf 92' lang='lat' dir='ltr'>et</span> <span class='ocrx_word' id='word_1_249' title='bbox 1050 1173 1327 1218; x_wconf 89' lang='lat' dir='ltr'>concupiscentia</span> <span class='ocrx_word' id='word_1_250' title='bbox 1350 1173 1407 1205; x_wconf 90' lang='lat' dir='ltr'>lib.</span> <span class='ocrx_word' id='word_1_251' title='bbox 1424 1172 1448 1206; x_wconf 89' lang='grc'>1.</span> <span class='ocrx_word' id='word_1_252' title='bbox 1467 1183 1497 1206; x_wconf 89' lang='lat' dir='ltr'>c.</span> <span class='ocrx_word' id='word_1_253' title='bbox 1515 1172 1598 1206; x_wconf 84' lang='lat' dir='ltr'>XX.</span> <span class='ocrx_word' id='word_1_254' title='bbox 1615 1171 1655 1206; x_wconf 89' lang='lat' dir='ltr'>de</span> <span class='ocrx_word' id='word_1_255' title='bbox 1677 1171 1804 1206; x_wconf 85' lang='lat' dir='ltr'>Genesi</span> <span class='ocrx_word' id='word_1_256' title='bbox 1824 1172 1866 1206; x_wconf 83' lang='lat' dir='ltr'>ad</span> <span class='ocrx_word' id='word_1_257' title='bbox 1883 1172 1956 1206; x_wconf 83' lang='lat' dir='ltr'>lite·</span> 
     </span>
     <span class='ocr_line' id='line_1_22' title="bbox 416 1216 1956 1264; baseline -0.001 -10"><span class='ocrx_word' id='word_1_258' title='bbox 416 1232 488 1255; x_wconf 79' lang='lat' dir='ltr'>rani</span> <span class='ocrx_word' id='word_1_259' title='bbox 508 1221 563 1254; x_wconf 90' lang='lat' dir='ltr'>Iib.</span> <span class='ocrx_word' id='word_1_260' title='bbox 581 1220 625 1253; x_wconf 88' lang='lat' dir='ltr'>X.</span> <span class='ocrx_word' id='word_1_261' title='bbox 643 1230 715 1264; x_wconf 83' lang='lat' dir='ltr'>cap.</span> <span class='ocrx_word' id='word_1_262' title='bbox 735 1218 809 1253; x_wconf 76' lang='lat' dir='ltr'>XV,</span> <span class='ocrx_word' id='word_1_263' title='bbox 830 1219 870 1252; x_wconf 88' lang='lat' dir='ltr'>de</span> <span class='ocrx_word' id='word_1_264' title='bbox 888 1224 1005 1252; x_wconf 76' lang='lat' dir='ltr'>natura</span> <span class='ocrx_word' id='word_1_265' title='bbox 1025 1224 1057 1251; x_wconf 89' lang='lat' dir='ltr'>et</span> <span class='ocrx_word' id='word_1_266' title='bbox 1074 1220 1186 1262; x_wconf 71' lang='lat' dir='ltr'>gratia</span> <span class='ocrx_word' id='word_1_267' title='bbox 1202 1223 1320 1252; x_wconf 87' lang='lat' dir='ltr'>contra</span> <span class='ocrx_word' id='word_1_268' title='bbox 1336 1217 1510 1263; x_wconf 81' lang='lat' dir='ltr'>Pelagian.</span> <span class='ocrx_word' id='word_1_269' title='bbox 1529 1227 1601 1262; x_wconf 90' lang='lat' dir='ltr'>cap.</span> <span class='ocrx_word' id='word_1_270' title='bbox 1618 1216 1705 1251; x_wconf 91' lang='lat' dir='ltr'>VIII.</span> <span class='ocrx_word' id='word_1_271' title='bbox 1730 1218 1837 1251; x_wconf 87' lang='lat' dir='ltr'>Autor</span> <span class='ocrx_word' id='word_1_272' title='bbox 1849 1216 1956 1262; x_wconf 79' lang='lat' dir='ltr'>hypo-</span> 
     </span>
     <span class='ocr_line' id='line_1_23' title="bbox 418 1261 1958 1311; baseline -0.002 -12"><span class='ocrx_word' id='word_1_273' title='bbox 418 1272 530 1311; x_wconf 80' lang='lat' dir='ltr'>gnost.</span> <span class='ocrx_word' id='word_1_274' title='bbox 549 1265 638 1309; x_wconf 83' lang='lat' dir='ltr'>apud</span> <span class='ocrx_word' id='word_1_275' title='bbox 655 1265 835 1307; x_wconf 67' lang='lat' dir='ltr'>Augustin.</span> <span class='ocrx_word' id='word_1_276' title='bbox 854 1270 935 1297; x_wconf 87' lang='lat' dir='ltr'>tom.</span> <span class='ocrx_word' id='word_1_277' title='bbox 950 1263 1020 1297; x_wconf 65' lang='lat' dir='ltr'>vn.</span> <span class='ocrx_word' id='word_1_278' title='bbox 1040 1264 1082 1297; x_wconf 93' lang='lat' dir='ltr'>ad</span> <span class='ocrx_word' id='word_1_279' title='bbox 1100 1264 1230 1297; x_wconf 81' lang='lat' dir='ltr'>articul.</span> <span class='ocrx_word' id='word_1_280' title='bbox 1247 1264 1284 1296; x_wconf 93' lang='lat' dir='ltr'>V.</span> <span class='ocrx_word' id='word_1_281' title='bbox 1301 1263 1359 1298; x_wconf 82' lang='lat' dir='ltr'>fol.</span> <span class='ocrx_word' id='word_1_282' title='bbox 1377 1263 1441 1296; x_wconf 75' lang='lat'>953</span> <span class='ocrx_word' id='word_1_283' title='bbox 1458 1268 1491 1296; x_wconf 88' lang='lat' dir='ltr'>et</span> <span class='ocrx_word' id='word_1_284' title='bbox 1507 1273 1576 1307; x_wconf 89' lang='lat' dir='ltr'>seq.</span> <span class='ocrx_word' id='word_1_285' title='bbox 1602 1261 1768 1307; x_wconf 84' lang='lat' dir='ltr'>Origenes</span> <span class='ocrx_word' id='word_1_286' title='bbox 1780 1263 1815 1296; x_wconf 90' lang='lat' dir='ltr'>in</span> <span class='ocrx_word' id='word_1_287' title='bbox 1827 1262 1958 1296; x_wconf 84' lang='lat' dir='ltr'>Lucam</span> 
     </span>
     <span class='ocr_line' id='line_1_24' title="bbox 417 1306 1956 1356; baseline -0.002 -11"><span class='ocrx_word' id='word_1_288' title='bbox 417 1322 490 1356; x_wconf 84' lang='lat' dir='ltr'>cap.</span> <span class='ocrx_word' id='word_1_289' title='bbox 504 1310 543 1344; x_wconf 87' lang='lat'>11.</span> <span class='ocrx_word' id='word_1_290' title='bbox 562 1309 677 1344; x_wconf 79' lang='lat' dir='ltr'>homil.</span> <span class='ocrx_word' id='word_1_291' title='bbox 696 1310 786 1344; x_wconf 75' lang='lat' dir='ltr'>xlv.</span> <span class='ocrx_word' id='word_1_292' title='bbox 809 1309 992 1351; x_wconf 66' lang='lat' dir='ltr'>Gregorius</span> <span class='ocrx_word' id='word_1_293' title='bbox 1011 1309 1186 1352; x_wconf 73' lang='lat' dir='ltr'>Nyssenus</span> <span class='ocrx_word' id='word_1_294' title='bbox 1204 1308 1366 1342; x_wconf 80' lang='lat' dir='ltr'>adversus</span> <span class='ocrx_word' id='word_1_295' title='bbox 1384 1319 1442 1341; x_wconf 88' lang='lat' dir='ltr'>eos</span> <span class='ocrx_word' id='word_1_296' title='bbox 1460 1308 1519 1352; x_wconf 90' lang='lat' dir='ltr'>qui</span> <span class='ocrx_word' id='word_1_297' title='bbox 1535 1306 1696 1342; x_wconf 82' lang='lat' dir='ltr'>differunt</span> <span class='ocrx_word' id='word_1_298' title='bbox 1711 1308 1884 1353; x_wconf 89' lang='lat' dir='ltr'>baptisma</span> <span class='ocrx_word' id='word_1_299' title='bbox 1898 1307 1956 1342; x_wconf 85' lang='lat' dir='ltr'>fol.</span> 
     </span>
     <span class='ocr_line' id='line_1_25' title="bbox 416 1352 1956 1398; baseline -0.002 -8"><span class='ocrx_word' id='word_1_300' title='bbox 416 1357 493 1391; x_wconf 77' lang='lat'>470.</span> <span class='ocrx_word' id='word_1_301' title='bbox 517 1356 717 1389; x_wconf 86' lang='lat' dir='ltr'>Ambrosius</span> <span class='ocrx_word' id='word_1_302' title='bbox 736 1355 776 1388; x_wconf 90' lang='lat' dir='ltr'>de</span> <span class='ocrx_word' id='word_1_303' title='bbox 794 1355 963 1388; x_wconf 89' lang='lat' dir='ltr'>vocation.</span> <span class='ocrx_word' id='word_1_304' title='bbox 982 1355 1136 1398; x_wconf 82' lang='lat' dir='ltr'>gentium</span> <span class='ocrx_word' id='word_1_305' title='bbox 1153 1354 1210 1387; x_wconf 88' lang='lat' dir='ltr'>lib.</span> <span class='ocrx_word' id='word_1_306' title='bbox 1230 1353 1269 1388; x_wconf 86' lang='lat'>11.</span> <span class='ocrx_word' id='word_1_307' title='bbox 1289 1364 1360 1398; x_wconf 88' lang='lat' dir='ltr'>cap.</span> <span class='ocrx_word' id='word_1_308' title='bbox 1378 1352 1465 1387; x_wconf 73' lang='lat' dir='ltr'>wll.</span> <span class='ocrx_word' id='word_1_309' title='bbox 1483 1353 1522 1387; x_wconf 87' lang='lat' dir='ltr'>de</span> <span class='ocrx_word' id='word_1_310' title='bbox 1538 1352 1706 1387; x_wconf 87' lang='lat' dir='ltr'>Abraham</span> <span class='ocrx_word' id='word_1_311' title='bbox 1723 1353 1780 1387; x_wconf 90' lang='lat' dir='ltr'>lib.</span> <span class='ocrx_word' id='word_1_312' title='bbox 1794 1352 1835 1387; x_wconf 90' lang='grc' dir='ltr'>Π.</span> <span class='ocrx_word' id='word_1_313' title='bbox 1853 1364 1880 1389; x_wconf 87' lang='lat' dir='ltr'>c.</span> <span class='ocrx_word' id='word_1_314' title='bbox 1895 1353 1956 1387; x_wconf 88' lang='lat' dir='ltr'>XI.</span> 
     </span>
     <span class='ocr_line' id='line_1_26' title="bbox 417 1398 1955 1445; baseline -0.001 -10"><span class='ocrx_word' id='word_1_315' title='bbox 417 1403 615 1436; x_wconf 83' lang='lat' dir='ltr'>Tertullian.</span> <span class='ocrx_word' id='word_1_316' title='bbox 633 1401 673 1434; x_wconf 90' lang='lat' dir='ltr'>de</span> <span class='ocrx_word' id='word_1_317' title='bbox 693 1401 860 1445; x_wconf 81' lang='lat' dir='ltr'>baptismo</span> <span class='ocrx_word' id='word_1_318' title='bbox 879 1411 952 1445; x_wconf 87' lang='lat' dir='ltr'>cap.</span> <span class='ocrx_word' id='word_1_319' title='bbox 972 1400 995 1433; x_wconf 93' lang='lat' dir='ltr'>l.</span> <span class='ocrx_word' id='word_1_320' title='bbox 1015 1399 1089 1433; x_wconf 81' lang='lat' dir='ltr'>XII.</span> <span class='ocrx_word' id='word_1_321' title='bbox 1108 1406 1140 1433; x_wconf 86' lang='lat' dir='ltr'>et</span> <span class='ocrx_word' id='word_1_322' title='bbox 1156 1398 1248 1433; x_wconf 71' lang='lat' dir='ltr'>XIII.</span> <span class='ocrx_word' id='word_1_323' title='bbox 1280 1398 1374 1432; x_wconf 88' lang='lat' dir='ltr'>Beda</span> <span class='ocrx_word' id='word_1_324' title='bbox 1397 1409 1498 1443; x_wconf 89' lang='lat' dir='ltr'>super</span> <span class='ocrx_word' id='word_1_325' title='bbox 1517 1398 1666 1433; x_wconf 88' lang='lat' dir='ltr'>Genesin</span> <span class='ocrx_word' id='word_1_326' title='bbox 1682 1399 1740 1432; x_wconf 82' lang='lat' dir='ltr'>fol.</span> <span class='ocrx_word' id='word_1_327' title='bbox 1761 1398 1833 1434; x_wconf 85' lang='grc'><strong>199.</strong></span> <span class='ocrx_word' id='word_1_328' title='bbox 1851 1399 1887 1433; x_wconf 90' lang='lat' dir='ltr'>in</span> <span class='ocrx_word' id='word_1_329' title='bbox 1902 1398 1955 1433; x_wconf 95' lang='lat' dir='ltr'>Io-</span> 
     </span>
     <span class='ocr_line' id='line_1_27' title="bbox 418 1443 1958 1491; baseline -0.002 -10"><span class='ocrx_word' id='word_1_330' title='bbox 418 1447 494 1482; x_wconf 85' lang='lat' dir='ltr'>han.</span> <span class='ocrx_word' id='word_1_331' title='bbox 514 1448 570 1480; x_wconf 92' lang='lat' dir='ltr'>lib.</span> <span class='ocrx_word' id='word_1_332' title='bbox 590 1446 612 1479; x_wconf 91' lang='grc' dir='ltr'>Ι.</span> <span class='ocrx_word' id='word_1_333' title='bbox 631 1457 704 1491; x_wconf 84' lang='lat' dir='ltr'>cap.</span> <span class='ocrx_word' id='word_1_334' title='bbox 723 1445 752 1479; x_wconf 71' lang='lat'>2.</span> <span class='ocrx_word' id='word_1_335' title='bbox 773 1446 934 1479; x_wconf 72' lang='lat' dir='ltr'>Alcuinns</span> <span class='ocrx_word' id='word_1_336' title='bbox 952 1445 992 1479; x_wconf 87' lang='lat' dir='ltr'>de</span> <span class='ocrx_word' id='word_1_337' title='bbox 1010 1445 1132 1478; x_wconf 88' lang='lat' dir='ltr'>divinis</span> <span class='ocrx_word' id='word_1_338' title='bbox 1159 1444 1283 1478; x_wconf 83' lang='lat' dir='ltr'>officiis</span> <span class='ocrx_word' id='word_1_339' title='bbox 1300 1444 1357 1478; x_wconf 85' lang='lat' dir='ltr'>fol.</span> <span class='ocrx_word' id='word_1_340' title='bbox 1380 1444 1472 1478; x_wconf 75' lang='lat'>1975.</span> <span class='ocrx_word' id='word_1_341' title='bbox 1506 1443 1709 1478; x_wconf 87' lang='lat' dir='ltr'>Scholastiei</span> <span class='ocrx_word' id='word_1_342' title='bbox 1729 1443 1898 1489; x_wconf 85' lang='lat' dir='ltr'>theologi,</span> <span class='ocrx_word' id='word_1_343' title='bbox 1923 1448 1958 1478; x_wconf 87' lang='lat' dir='ltr'>et</span> 
     </span>
     <span class='ocr_line' id='line_1_28' title="bbox 416 1489 1957 1538; baseline -0.003 -12"><span class='ocrx_word' id='word_1_344' title='bbox 416 1494 489 1538; x_wconf 87' lang='lat' dir='ltr'>ipse</span> <span class='ocrx_word' id='word_1_345' title='bbox 508 1493 736 1537; x_wconf 79' lang='lat' dir='ltr'>Augustinus,</span> <span class='ocrx_word' id='word_1_346' title='bbox 762 1491 1011 1531; x_wconf 75' lang='lat' dir='ltr'>Nazianzenus,</span> <span class='ocrx_word' id='word_1_347' title='bbox 1034 1490 1171 1524; x_wconf 71' lang='lat' dir='ltr'>Nicetas</span> <span class='ocrx_word' id='word_1_348' title='bbox 1189 1496 1220 1523; x_wconf 90' lang='lat' dir='ltr'>et</span> <span class='ocrx_word' id='word_1_349' title='bbox 1238 1489 1463 1530; x_wconf 78' lang='lat' dir='ltr'>Athanasius,</span> <span class='ocrx_word' id='word_1_350' title='bbox 1486 1490 1706 1523; x_wconf 83' lang='lat' dir='ltr'>mitissimam</span> <span class='ocrx_word' id='word_1_351' title='bbox 1720 1499 1869 1534; x_wconf 87' lang='lat' dir='ltr'>poenam</span> <span class='ocrx_word' id='word_1_352' title='bbox 1883 1489 1957 1524; x_wconf 86' lang='lat' dir='ltr'>fore</span> 
     </span>
     <span class='ocr_line' id='line_1_29' title="bbox 417 1536 1956 1584; baseline -0.002 -13"><span class='ocrx_word' id='word_1_353' title='bbox 417 1539 637 1584; x_wconf 72' lang='lat' dir='ltr'>parvulorum</span> <span class='ocrx_word' id='word_1_354' title='bbox 654 1549 723 1571; x_wconf 87' lang='lat' dir='ltr'>non</span> <span class='ocrx_word' id='word_1_355' title='bbox 741 1543 936 1570; x_wconf 87' lang='lat' dir='ltr'>renatorum</span> <span class='ocrx_word' id='word_1_356' title='bbox 953 1536 1084 1576; x_wconf 76' lang='lat' dir='ltr'>dicuut;</span> <span class='ocrx_word' id='word_1_357' title='bbox 1103 1539 1253 1568; x_wconf 70' lang='lat' dir='ltr'>nimirum</span> <span class='ocrx_word' id='word_1_358' title='bbox 1268 1537 1354 1579; x_wconf 82' lang='lat' dir='ltr'>quod</span> <span class='ocrx_word' id='word_1_359' title='bbox 1366 1536 1487 1568; x_wconf 82' lang='lat' dir='ltr'>nullam</span> <span class='ocrx_word' id='word_1_360' title='bbox 1502 1536 1689 1568; x_wconf 61' lang='lat' dir='ltr'>materialis</span> <span class='ocrx_word' id='word_1_361' title='bbox 1702 1537 1801 1578; x_wconf 78' lang='lat' dir='ltr'>iynis,</span> <span class='ocrx_word' id='word_1_362' title='bbox 1818 1536 1871 1568; x_wconf 78' lang='lat' dir='ltr'>vel</span> <span class='ocrx_word' id='word_1_363' title='bbox 1882 1547 1956 1569; x_wconf 86' lang='lat' dir='ltr'>con-</span> 
     </span>
     <span class='ocr_line' id='line_1_30' title="bbox 416 1580 1957 1626; baseline -0.001 -11"><span class='ocrx_word' id='word_1_364' title='bbox 416 1587 578 1617; x_wconf 77' lang='lat' dir='ltr'>scientiae</span> <span class='ocrx_word' id='word_1_365' title='bbox 596 1587 715 1616; x_wconf 68' lang='lat' dir='ltr'>verme&#39;s</span> <span class='ocrx_word' id='word_1_366' title='bbox 730 1595 871 1626; x_wconf 76' lang='lat' dir='ltr'>poenum</span> <span class='ocrx_word' id='word_1_367' title='bbox 887 1585 1017 1615; x_wconf 71' lang='lat' dir='ltr'>sensuri</span> <span class='ocrx_word' id='word_1_368' title='bbox 1031 1588 1113 1621; x_wconf 73' lang='grc' dir='ltr'>ειητ,</span> <span class='ocrx_word' id='word_1_369' title='bbox 1133 1584 1196 1613; x_wconf 74' lang='lat' dir='ltr'>nisi</span> <span class='ocrx_word' id='word_1_370' title='bbox 1212 1582 1298 1625; x_wconf 80' lang='lat' dir='ltr'>quod</span> <span class='ocrx_word' id='word_1_371' title='bbox 1313 1583 1437 1614; x_wconf 74' lang='lat' dir='ltr'>visione</span> <span class='ocrx_word' id='word_1_372' title='bbox 1459 1581 1514 1614; x_wconf 77' lang='lat' dir='ltr'>dei</span> <span class='ocrx_word' id='word_1_373' title='bbox 1529 1583 1564 1613; x_wconf 80' lang='lat' dir='ltr'>in</span> <span class='ocrx_word' id='word_1_374' title='bbox 1604 1585 1770 1624; x_wconf 79' lang='lat' dir='ltr'>erpetuum</span> <span class='ocrx_word' id='word_1_375' title='bbox 1787 1580 1957 1614; x_wconf 81' lang='lat' dir='ltr'>carebunt.</span> 
     </span>
     <span class='ocr_line' id='line_1_31' title="bbox 417 1625 1954 1670; baseline -0.001 -8"><span class='ocrx_word' id='word_1_376' title='bbox 417 1629 535 1663; x_wconf 89' lang='lat' dir='ltr'>Petrus</span> <span class='ocrx_word' id='word_1_377' title='bbox 553 1628 763 1662; x_wconf 72' lang='lat' dir='ltr'>Lonibardus</span> <span class='ocrx_word' id='word_1_378' title='bbox 781 1634 926 1661; x_wconf 86' lang='lat' dir='ltr'>sentent.</span> <span class='ocrx_word' id='word_1_379' title='bbox 945 1628 1002 1660; x_wconf 89' lang='lat' dir='ltr'>lib.</span> <span class='ocrx_word' id='word_1_380' title='bbox 1015 1626 1044 1660; x_wconf 76' lang='lat'>2.</span> <span class='ocrx_word' id='word_1_381' title='bbox 1063 1625 1386 1660; x_wconf 57' lang='lat' dir='ltr'>distinenxxxlll.</span> <span class='ocrx_word' id='word_1_382' title='bbox 1404 1636 1535 1660; x_wconf 88' lang='lat' dir='ltr'>numer.</span> <span class='ocrx_word' id='word_1_383' title='bbox 1547 1626 1569 1658; x_wconf 87' lang='grc'><strong>4</strong></span> <span class='ocrx_word' id='word_1_384' title='bbox 1595 1652 1602 1660; x_wconf 93' lang='grc'><em>.</em></span> <span class='ocrx_word' id='word_1_385' title='bbox 1616 1630 1650 1658; x_wconf 90' lang='lat' dir='ltr'>et</span> <span class='ocrx_word' id='word_1_386' title='bbox 1662 1629 1816 1670; x_wconf 86' lang='lat' dir='ltr'>sequent.</span> <span class='ocrx_word' id='word_1_387' title='bbox 1833 1625 1954 1661; x_wconf 90' lang='lat' dir='ltr'>Iib.IV.</span> 
     </span>
     <span class='ocr_line' id='line_1_32' title="bbox 418 1670 1956 1716; baseline -0.003 -8"><span class='ocrx_word' id='word_1_388' title='bbox 418 1675 494 1708; x_wconf 86' lang='lat' dir='ltr'>dist.</span> <span class='ocrx_word' id='word_1_389' title='bbox 512 1674 567 1707; x_wconf 76' lang='lat' dir='ltr'>IV.</span> <span class='ocrx_word' id='word_1_390' title='bbox 585 1685 676 1707; x_wconf 88' lang='lat' dir='ltr'>num.</span> <span class='ocrx_word' id='word_1_391' title='bbox 691 1672 744 1708; x_wconf 87' lang='grc'>43.</span> <span class='ocrx_word' id='word_1_392' title='bbox 770 1673 949 1706; x_wconf 83' lang='lat' dir='ltr'>Durandus</span> <span class='ocrx_word' id='word_1_393' title='bbox 968 1673 1024 1706; x_wconf 92' lang='lat' dir='ltr'>lib.</span> <span class='ocrx_word' id='word_1_394' title='bbox 1041 1671 1079 1705; x_wconf 90' lang='lat'>11.</span> <span class='ocrx_word' id='word_1_395' title='bbox 1093 1672 1170 1706; x_wconf 88' lang='lat' dir='ltr'>dist.</span> <span class='ocrx_word' id='word_1_396' title='bbox 1187 1671 1349 1705; x_wconf 80' lang='lat' dir='ltr'>XXXIII.</span> <span class='ocrx_word' id='word_1_397' title='bbox 1387 1676 1493 1704; x_wconf 88' lang='lat' dir='ltr'>uaest.</span> <span class='ocrx_word' id='word_1_398' title='bbox 1507 1670 1564 1704; x_wconf 89' lang='lat'>111.</span> <span class='ocrx_word' id='word_1_399' title='bbox 1576 1670 1759 1716; x_wconf 87' lang='lat' dir='ltr'>Augustin.</span> <span class='ocrx_word' id='word_1_400' title='bbox 1772 1675 1891 1705; x_wconf 86' lang='lat' dir='ltr'>contra</span> <span class='ocrx_word' id='word_1_401' title='bbox 1903 1670 1956 1705; x_wconf 93' lang='lat' dir='ltr'>Iu-</span> 
     </span>
     <span class='ocr_line' id='line_1_33' title="bbox 416 1716 1955 1761; baseline -0.003 -7"><span class='ocrx_word' id='word_1_402' title='bbox 416 1721 496 1754; x_wconf 87' lang='lat' dir='ltr'>lian.</span> <span class='ocrx_word' id='word_1_403' title='bbox 515 1720 573 1753; x_wconf 90' lang='lat' dir='ltr'>lib.</span> <span class='ocrx_word' id='word_1_404' title='bbox 585 1719 622 1753; x_wconf 86' lang='lat' dir='ltr'>V.</span> <span class='ocrx_word' id='word_1_405' title='bbox 641 1730 666 1752; x_wconf 85' lang='lat' dir='ltr'>c.</span> <span class='ocrx_word' id='word_1_406' title='bbox 678 1718 765 1753; x_wconf 75' lang='lat' dir='ltr'>VIII.</span> <span class='ocrx_word' id='word_1_407' title='bbox 784 1718 818 1751; x_wconf 87' lang='lat' dir='ltr'>In</span> <span class='ocrx_word' id='word_1_408' title='bbox 831 1718 1013 1751; x_wconf 86' lang='lat' dir='ltr'>enchiridio</span> <span class='ocrx_word' id='word_1_409' title='bbox 1032 1717 1072 1750; x_wconf 91' lang='lat' dir='ltr'>ad</span> <span class='ocrx_word' id='word_1_410' title='bbox 1084 1717 1302 1751; x_wconf 84' lang='lat' dir='ltr'>Laurentium</span> <span class='ocrx_word' id='word_1_411' title='bbox 1316 1727 1344 1750; x_wconf 89' lang='lat' dir='ltr'>c.</span> <span class='ocrx_word' id='word_1_412' title='bbox 1395 1716 1477 1750; x_wconf 90' lang='lat' dir='ltr'>CIII.</span> <span class='ocrx_word' id='word_1_413' title='bbox 1492 1716 1532 1750; x_wconf 86' lang='lat' dir='ltr'>de</span> <span class='ocrx_word' id='word_1_414' title='bbox 1544 1721 1761 1761; x_wconf 84' lang='lat' dir='ltr'>peccatorum</span> <span class='ocrx_word' id='word_1_415' title='bbox 1774 1716 1902 1750; x_wconf 88' lang='lat' dir='ltr'>meritis</span> <span class='ocrx_word' id='word_1_416' title='bbox 1916 1727 1955 1750; x_wconf 88' lang='lat' dir='ltr'>ac</span> 
     </span>
     <span class='ocr_line' id='line_1_34' title="bbox 417 1760 1954 1808; baseline -0.001 -10"><span class='ocrx_word' id='word_1_417' title='bbox 417 1765 616 1799; x_wconf 85' lang='lat' dir='ltr'>remissione</span> <span class='ocrx_word' id='word_1_418' title='bbox 625 1764 709 1798; x_wconf 94' lang='lat' dir='ltr'>lib.I.</span> <span class='ocrx_word' id='word_1_419' title='bbox 721 1764 841 1798; x_wconf 59' lang='lat' dir='ltr'>exvl.</span> <span class='ocrx_word' id='word_1_420' title='bbox 853 1763 1038 1808; x_wconf 79' lang='lat' dir='ltr'>Gregorius</span> <span class='ocrx_word' id='word_1_421' title='bbox 1048 1762 1248 1796; x_wconf 77' lang='lat' dir='ltr'>Nazianzen.</span> <span class='ocrx_word' id='word_1_422' title='bbox 1260 1762 1417 1796; x_wconf 86' lang='lat' dir='ltr'>orat.XL.</span> <span class='ocrx_word' id='word_1_423' title='bbox 1427 1763 1461 1795; x_wconf 91' lang='lat' dir='ltr'>in</span> <span class='ocrx_word' id='word_1_424' title='bbox 1471 1767 1628 1795; x_wconf 87' lang='lat' dir='ltr'>sanctum</span> <span class='ocrx_word' id='word_1_425' title='bbox 1636 1761 1869 1807; x_wconf 88' lang='lat' dir='ltr'>baptismafol.</span> <span class='ocrx_word' id='word_1_426' title='bbox 1879 1760 1954 1796; x_wconf 80' lang='lat'>653.</span> 
     </span>
     <span class='ocr_line' id='line_1_35' title="bbox 417 1806 1955 1853; baseline -0.003 -10"><span class='ocrx_word' id='word_1_427' title='bbox 417 1811 562 1844; x_wconf 68' lang='lat' dir='ltr'>Parvuli</span> <span class='ocrx_word' id='word_1_428' title='bbox 578 1823 637 1843; x_wconf 84' lang='lat' dir='ltr'>non</span> <span class='ocrx_word' id='word_1_429' title='bbox 656 1811 821 1853; x_wconf 72' lang='lat' dir='ltr'>baptizati</span> <span class='ocrx_word' id='word_1_430' title='bbox 837 1808 915 1852; x_wconf 73' lang='grc' dir='ltr'>μήτε</span> <span class='ocrx_word' id='word_1_431' title='bbox 933 1807 1200 1851; x_wconf 70' lang='grc' dir='ltr'>δοξασθήσεσθαι,</span> <span class='ocrx_word' id='word_1_432' title='bbox 1220 1807 1298 1851; x_wconf 67' lang='grc' dir='ltr'>μήτε</span> <span class='ocrx_word' id='word_1_433' title='bbox 1315 1806 1572 1849; x_wconf 72' lang='grc' dir='ltr'>κολασθήσεσθαι</span> <span class='ocrx_word' id='word_1_434' title='bbox 1589 1806 1659 1852; x_wconf 76' lang='grc' dir='ltr'>περὶ</span> <span class='ocrx_word' id='word_1_435' title='bbox 1674 1809 1731 1840; x_wconf 81' lang='grc' dir='ltr'>τοῦ</span> <span class='ocrx_word' id='word_1_436' title='bbox 1749 1806 1872 1840; x_wconf 73' lang='grc' dir='ltr'>δικαίου</span> <span class='ocrx_word' id='word_1_437' title='bbox 1889 1819 1955 1851; x_wconf 85' lang='grc' dir='ltr'>κρι-</span> 
     </span>
     <span class='ocr_line' id='line_1_36' title="bbox 418 1850 1955 1899; baseline -0.003 -11"><span class='ocrx_word' id='word_1_438' title='bbox 418 1858 493 1899; x_wconf 72' lang='grc' dir='ltr'>τοῦ,</span> <span class='ocrx_word' id='word_1_439' title='bbox 518 1853 561 1894; x_wconf 78' lang='grc' dir='ltr'>ὡς</span> <span class='ocrx_word' id='word_1_440' title='bbox 586 1853 822 1899; x_wconf 71' lang='grc' dir='ltr'>ἀσφρανζστους</span> <span class='ocrx_word' id='word_1_441' title='bbox 841 1853 907 1898; x_wconf 68' lang='grc' dir='ltr'>μὲν,</span> <span class='ocrx_word' id='word_1_442' title='bbox 926 1851 1103 1896; x_wconf 71' lang='grc' dir='ltr'>ἁπονήρους</span> <span class='ocrx_word' id='word_1_443' title='bbox 1129 1852 1178 1896; x_wconf 76' lang='grc' dir='ltr'>δὲ,</span> <span class='ocrx_word' id='word_1_444' title='bbox 1198 1850 1281 1885; x_wconf 82' lang='grc' dir='ltr'>ἀλλὰ</span> <span class='ocrx_word' id='word_1_445' title='bbox 1298 1852 1458 1891; x_wconf 77' lang='grc' dir='ltr'><strong>παθόντας</strong></span> <span class='ocrx_word' id='word_1_446' title='bbox 1476 1851 1602 1896; x_wconf 72' lang='grc' dir='ltr'>μᾶλλον</span> <span class='ocrx_word' id='word_1_447' title='bbox 1618 1851 1674 1895; x_wconf 86' lang='grc' dir='ltr'>τὴν</span> <span class='ocrx_word' id='word_1_448' title='bbox 1692 1851 1825 1896; x_wconf 74' lang='grc' dir='ltr'>ζημίαν,</span> <span class='ocrx_word' id='word_1_449' title='bbox 1842 1853 1861 1895; x_wconf 85' lang='grc' dir='ltr'><strong>ἢ</strong></span> <span class='ocrx_word' id='word_1_450' title='bbox 1880 1850 1955 1894; x_wconf 79' lang='grc' dir='ltr'><strong>δρά-</strong></span> 
     </span>
     <span class='ocr_line' id='line_1_37' title="bbox 419 1885 1954 1945; baseline -0.002 -12"><span class='ocrx_word' id='word_1_451' title='bbox 419 1912 545 1938; x_wconf 82' lang='grc' dir='ltr'>σαντας.</span> <span class='ocrx_word' id='word_1_452' title='bbox 564 1899 601 1933; x_wconf 78' lang='grc' dir='ltr'>οὐ</span> <span class='ocrx_word' id='word_1_453' title='bbox 615 1899 676 1945; x_wconf 70' lang='grc' dir='ltr'>γὰρ</span> <span class='ocrx_word' id='word_1_454' title='bbox 691 1885 775 1938; x_wconf 49' lang='grc' dir='ltr'>ἦστις</span> <span class='ocrx_word' id='word_1_455' title='bbox 790 1899 826 1931; x_wconf 71' lang='grc' dir='ltr'>οὐ</span> <span class='ocrx_word' id='word_1_456' title='bbox 842 1897 1004 1937; x_wconf 72' lang='grc' dir='ltr'>κολάσεως</span> <span class='ocrx_word' id='word_1_457' title='bbox 1024 1897 1117 1939; x_wconf 71' lang='grc' dir='ltr'>ἄξιος,</span> <span class='ocrx_word' id='word_1_458' title='bbox 1134 1898 1196 1941; x_wconf 68' lang='grc' dir='ltr'>ἤδη</span> <span class='ocrx_word' id='word_1_459' title='bbox 1215 1898 1266 1931; x_wconf 73' lang='grc' dir='ltr'>καὶ</span> <span class='ocrx_word' id='word_1_460' title='bbox 1283 1900 1384 1943; x_wconf 83' lang='grc' dir='ltr'>τιμῆς,</span> <span class='ocrx_word' id='word_1_461' title='bbox 1402 1897 1511 1942; x_wconf 73' lang='grc' dir='ltr'>ὥσπερ</span> <span class='ocrx_word' id='word_1_462' title='bbox 1525 1896 1600 1930; x_wconf 78' lang='grc' dir='ltr'>οὐδὲ</span> <span class='ocrx_word' id='word_1_463' title='bbox 1617 1895 1702 1936; x_wconf 72' lang='grc' dir='ltr'>ὅστις</span> <span class='ocrx_word' id='word_1_464' title='bbox 1716 1896 1754 1930; x_wconf 84' lang='grc' dir='ltr'>οὐ</span> <span class='ocrx_word' id='word_1_465' title='bbox 1767 1899 1874 1942; x_wconf 77' lang='grc' dir='ltr'>τιμῆς,</span> <span class='ocrx_word' id='word_1_466' title='bbox 1891 1896 1954 1940; x_wconf 80' lang='grc' dir='ltr'>ἤδη</span> 
     </span>
     <span class='ocr_line' id='line_1_38' title="bbox 419 1944 1957 1988; baseline -0.002 -9"><span class='ocrx_word' id='word_1_467' title='bbox 419 1946 471 1979; x_wconf 71' lang='grc' dir='ltr'>καὶ</span> <span class='ocrx_word' id='word_1_468' title='bbox 489 1944 663 1984; x_wconf 76' lang='grc' dir='ltr'>κολάσεως.</span> <span class='ocrx_word' id='word_1_469' title='bbox 682 1945 818 1979; x_wconf 72' lang='lat' dir='ltr'>Nicetas</span> <span class='ocrx_word' id='word_1_470' title='bbox 837 1944 1045 1978; x_wconf 88' lang='lat' dir='ltr'>Scholiastes</span> <span class='ocrx_word' id='word_1_471' title='bbox 1060 1955 1218 1988; x_wconf 78' lang='lat' dir='ltr'>graecus:</span> <span class='ocrx_word' id='word_1_472' title='bbox 1243 1944 1324 1976; x_wconf 85' lang='lat' dir='ltr'>Tres</span> <span class='ocrx_word' id='word_1_473' title='bbox 1337 1945 1468 1987; x_wconf 77' lang='lat' dir='ltr'>yradus</span> <span class='ocrx_word' id='word_1_474' title='bbox 1484 1946 1660 1976; x_wconf 73' lang='lat' dir='ltr'>exsistunt:</span> <span class='ocrx_word' id='word_1_475' title='bbox 1676 1955 1760 1976; x_wconf 82' lang='lat' dir='ltr'>unus</span> <span class='ocrx_word' id='word_1_476' title='bbox 1775 1955 1885 1976; x_wconf 83' lang='lat' dir='ltr'>eorum</span> <span class='ocrx_word' id='word_1_477' title='bbox 1901 1946 1957 1988; x_wconf 81' lang='lat' dir='ltr'>qui</span> 
     </span>
     <span class='ocr_line' id='line_1_39' title="bbox 417 1990 1956 2036; baseline -0.003 -10"><span class='ocrx_word' id='word_1_478' title='bbox 417 1995 570 2036; x_wconf 75' lang='lat' dir='ltr'>supernis</span> <span class='ocrx_word' id='word_1_479' title='bbox 593 1993 724 2024; x_wconf 69' lang='lat' dir='ltr'>deliciis</span> <span class='ocrx_word' id='word_1_480' title='bbox 741 1993 980 2035; x_wconf 61' lang='lat' dir='ltr'>perstaturum-,-</span> <span class='ocrx_word' id='word_1_481' title='bbox 1011 1991 1096 2023; x_wconf 80' lang='lat' dir='ltr'>alter</span> <span class='ocrx_word' id='word_1_482' title='bbox 1125 2002 1233 2022; x_wconf 83' lang='lat' dir='ltr'>eorum</span> <span class='ocrx_word' id='word_1_483' title='bbox 1264 1992 1320 2034; x_wconf 79' lang='lat' dir='ltr'>qui</span> <span class='ocrx_word' id='word_1_484' title='bbox 1341 1990 1518 2033; x_wconf 72' lang='lat' dir='ltr'>suppliciis</span> <span class='ocrx_word' id='word_1_485' title='bbox 1540 1991 1686 2022; x_wconf 77' lang='lat' dir='ltr'>aeternis</span> <span class='ocrx_word' id='word_1_486' title='bbox 1706 1991 1956 2029; x_wconf 75' lang='lat' dir='ltr'>excruciantur,</span> 
     </span>
     <span class='ocr_line' id='line_1_40' title="bbox 418 2035 1955 2079; baseline -0.002 -9"><span class='ocrx_word' id='word_1_487' title='bbox 418 2039 544 2071; x_wconf 76' lang='lat' dir='ltr'>medius</span> <span class='ocrx_word' id='word_1_488' title='bbox 560 2049 678 2076; x_wconf 85' lang='lat' dir='ltr'>eorum,</span> <span class='ocrx_word' id='word_1_489' title='bbox 697 2039 753 2079; x_wconf 76' lang='lat' dir='ltr'>qui</span> <span class='ocrx_word' id='word_1_490' title='bbox 769 2048 826 2068; x_wconf 85' lang='lat' dir='ltr'>nec</span> <span class='ocrx_word' id='word_1_491' title='bbox 845 2037 998 2068; x_wconf 73' lang='lat' dir='ltr'>caelestis</span> <span class='ocrx_word' id='word_1_492' title='bbox 1015 2038 1110 2079; x_wconf 77' lang='lat' dir='ltr'>reqm&#39;</span> <span class='ocrx_word' id='word_1_493' title='bbox 1125 2036 1308 2079; x_wconf 70' lang='lat' dir='ltr'>voluptates</span> <span class='ocrx_word' id='word_1_494' title='bbox 1323 2037 1483 2074; x_wconf 75' lang='lat' dir='ltr'>sentiunt,</span> <span class='ocrx_word' id='word_1_495' title='bbox 1509 2045 1568 2067; x_wconf 85' lang='lat' dir='ltr'>nec</span> <span class='ocrx_word' id='word_1_496' title='bbox 1578 2036 1698 2079; x_wconf 79' lang='lat' dir='ltr'>poenis</span> <span class='ocrx_word' id='word_1_497' title='bbox 1712 2035 1792 2068; x_wconf 75' lang='lat' dir='ltr'>ullis</span> <span class='ocrx_word' id='word_1_498' title='bbox 1807 2040 1955 2079; x_wconf 82' lang='lat' dir='ltr'>torquen-</span> 
     </span>
     <span class='ocr_line' id='line_1_41' title="bbox 419 2079 1955 2127; baseline -0.001 -12"><span class='ocrx_word' id='word_1_499' title='bbox 419 2089 482 2122; x_wconf 85' lang='lat' dir='ltr'>tur,</span> <span class='ocrx_word' id='word_1_500' title='bbox 502 2085 534 2114; x_wconf 81' lang='grc' dir='ltr'>ίη</span> <span class='ocrx_word' id='word_1_501' title='bbox 551 2095 610 2127; x_wconf 78' lang='lat' dir='ltr'>quo</span> <span class='ocrx_word' id='word_1_502' title='bbox 628 2088 659 2114; x_wconf 80' lang='lat' dir='ltr'>et</span> <span class='ocrx_word' id='word_1_503' title='bbox 669 2082 825 2125; x_wconf 76' lang='lat' dir='ltr'>pari-uli,</span> <span class='ocrx_word' id='word_1_504' title='bbox 849 2084 904 2125; x_wconf 70' lang='lat' dir='ltr'>qui</span> <span class='ocrx_word' id='word_1_505' title='bbox 921 2083 1083 2125; x_wconf 74' lang='lat' dir='ltr'>baptismo</span> <span class='ocrx_word' id='word_1_506' title='bbox 1096 2083 1230 2124; x_wconf 74' lang='lat' dir='ltr'>perfusi</span> <span class='ocrx_word' id='word_1_507' title='bbox 1245 2092 1309 2114; x_wconf 83' lang='lat' dir='ltr'>non</span> <span class='ocrx_word' id='word_1_508' title='bbox 1323 2085 1412 2120; x_wconf 79' lang='lat' dir='ltr'>sunt,</span> <span class='ocrx_word' id='word_1_509' title='bbox 1437 2086 1469 2113; x_wconf 80' lang='lat' dir='ltr'>et</span> <span class='ocrx_word' id='word_1_510' title='bbox 1488 2082 1544 2124; x_wconf 81' lang='lat' dir='ltr'>qui</span> <span class='ocrx_word' id='word_1_511' title='bbox 1560 2091 1632 2112; x_wconf 87' lang='lat' dir='ltr'>cum</span> <span class='ocrx_word' id='word_1_512' title='bbox 1648 2079 1843 2124; x_wconf 77' lang='lat' dir='ltr'>baptismum</span> <span class='ocrx_word' id='word_1_513' title='bbox 1859 2091 1955 2124; x_wconf 75' lang='lat' dir='ltr'>expe-</span> 
     </span>
     <span class='ocr_line' id='line_1_42' title="bbox 419 2127 1954 2170; baseline -0.003 -8"><span class='ocrx_word' id='word_1_514' title='bbox 419 2135 538 2167; x_wconf 77' lang='lat' dir='ltr'>terent,</span> <span class='ocrx_word' id='word_1_515' title='bbox 565 2128 701 2160; x_wconf 70' lang='lat' dir='ltr'>riolento</span> <span class='ocrx_word' id='word_1_516' title='bbox 727 2133 833 2160; x_wconf 81' lang='lat' dir='ltr'>tumen</span> <span class='ocrx_word' id='word_1_517' title='bbox 857 2128 967 2170; x_wconf 71' lang='lat' dir='ltr'>aliquo</span> <span class='ocrx_word' id='word_1_518' title='bbox 993 2138 1072 2159; x_wconf 82' lang='lat' dir='ltr'>casu</span> <span class='ocrx_word' id='word_1_519' title='bbox 1092 2127 1258 2170; x_wconf 76' lang='lat' dir='ltr'>impediti,</span> <span class='ocrx_word' id='word_1_520' title='bbox 1280 2128 1449 2168; x_wconf 79' lang='lat' dir='ltr'>suscipere</span> <span class='ocrx_word' id='word_1_521' title='bbox 1466 2137 1528 2158; x_wconf 84' lang='lat' dir='ltr'>non</span> <span class='ocrx_word' id='word_1_522' title='bbox 1538 2131 1734 2169; x_wconf 80' lang='lat' dir='ltr'>potuerunt,</span> <span class='ocrx_word' id='word_1_523' title='bbox 1759 2127 1954 2158; x_wconf 76' lang='lat' dir='ltr'>constituen-</span> 
     </span>
     <span class='ocr_line' id='line_1_43' title="bbox 419 2168 1955 2215; baseline -0.004 -8"><span class='ocrx_word' id='word_1_524' title='bbox 419 2179 483 2207; x_wconf 84' lang='lat' dir='ltr'>tur.</span> <span class='ocrx_word' id='word_1_525' title='bbox 508 2171 671 2206; x_wconf 88' lang='lat' dir='ltr'>Athanas.</span> <span class='ocrx_word' id='word_1_526' title='bbox 690 2176 820 2215; x_wconf 90' lang='lat' dir='ltr'>quaest.</span> <span class='ocrx_word' id='word_1_527' title='bbox 840 2171 880 2204; x_wconf 91' lang='lat' dir='ltr'>ad</span> <span class='ocrx_word' id='word_1_528' title='bbox 899 2170 1052 2204; x_wconf 87' lang='lat' dir='ltr'>Antioch.</span> <span class='ocrx_word' id='word_1_529' title='bbox 1074 2171 1146 2205; x_wconf 85' lang='lat'>114.</span> <span class='ocrx_word' id='word_1_530' title='bbox 1170 2171 1228 2204; x_wconf 88' lang='lat' dir='ltr'>fol.</span> <span class='ocrx_word' id='word_1_531' title='bbox 1241 2170 1317 2204; x_wconf 82' lang='lat'>309.</span> <span class='ocrx_word' id='word_1_532' title='bbox 1349 2169 1417 2202; x_wconf 83' lang='grc' dir='ltr'>Ποῦ</span> <span class='ocrx_word' id='word_1_533' title='bbox 1435 2168 1609 2215; x_wconf 77' lang='grc' dir='ltr'>ὑπάγουσιν</span> <span class='ocrx_word' id='word_1_534' title='bbox 1632 2168 1673 2202; x_wconf 84' lang='grc' dir='ltr'>τὰ</span> <span class='ocrx_word' id='word_1_535' title='bbox 1687 2169 1885 2203; x_wconf 84' lang='grc' dir='ltr'>τελευτῶντα</span> <span class='ocrx_word' id='word_1_536' title='bbox 1900 2169 1955 2212; x_wconf 78' lang='grc' dir='ltr'>νή-</span> 
     </span>
     <span class='ocr_line' id='line_1_44' title="bbox 419 2214 1955 2260; baseline -0.002 -10"><span class='ocrx_word' id='word_1_537' title='bbox 419 2230 494 2255; x_wconf 82' lang='grc' dir='ltr'>πια;</span> <span class='ocrx_word' id='word_1_538' title='bbox 518 2216 558 2255; x_wconf 84' lang='grc' dir='ltr'>εἰς</span> <span class='ocrx_word' id='word_1_539' title='bbox 576 2216 725 2260; x_wconf 73' lang='grc' dir='ltr'>κόλασιν,</span> <span class='ocrx_word' id='word_1_540' title='bbox 749 2218 767 2258; x_wconf 86' lang='grc' dir='ltr'>ἢ</span> <span class='ocrx_word' id='word_1_541' title='bbox 787 2215 826 2254; x_wconf 79' lang='grc' dir='ltr'>εἷς</span> <span class='ocrx_word' id='word_1_542' title='bbox 845 2215 1023 2260; x_wconf 57' lang='grc' dir='ltr'>βασιλέως</span> <span class='ocrx_word' id='word_1_543' title='bbox 1041 2215 1093 2248; x_wconf 76' lang='grc' dir='ltr'>καὶ</span> <span class='ocrx_word' id='word_1_544' title='bbox 1109 2218 1172 2248; x_wconf 76' lang='grc' dir='ltr'>ποῦ</span> <span class='ocrx_word' id='word_1_545' title='bbox 1189 2214 1228 2248; x_wconf 82' lang='grc' dir='ltr'>τὰ</span> <span class='ocrx_word' id='word_1_546' title='bbox 1244 2217 1308 2248; x_wconf 87' lang='grc' dir='ltr'>τῶν</span> <span class='ocrx_word' id='word_1_547' title='bbox 1326 2214 1467 2248; x_wconf 79' lang='grc' dir='ltr'>ἀπίστων</span> <span class='ocrx_word' id='word_1_548' title='bbox 1484 2215 1598 2260; x_wconf 76' lang='grc' dir='ltr'>νήπια;</span> <span class='ocrx_word' id='word_1_549' title='bbox 1615 2214 1668 2248; x_wconf 70' lang='grc' dir='ltr'>καὶ</span> <span class='ocrx_word' id='word_1_550' title='bbox 1683 2217 1746 2248; x_wconf 76' lang='grc' dir='ltr'>ποῦ</span> <span class='ocrx_word' id='word_1_551' title='bbox 1763 2214 1802 2248; x_wconf 81' lang='grc' dir='ltr'>τὰ</span> <span class='ocrx_word' id='word_1_552' title='bbox 1823 2217 1887 2248; x_wconf 86' lang='grc' dir='ltr'>τῶν</span> <span class='ocrx_word' id='word_1_553' title='bbox 1904 2226 1955 2248; x_wconf 89' lang='grc' dir='ltr'>πι-</span> 
     </span>
     <span class='ocr_line' id='line_1_45' title="bbox 420 2258 1954 2306; baseline -0.001 -11"><span class='ocrx_word' id='word_1_554' title='bbox 420 2265 505 2296; x_wconf 83' lang='grc' dir='ltr'>στῶν</span> <span class='ocrx_word' id='word_1_555' title='bbox 523 2261 702 2306; x_wconf 69' lang='grc' dir='ltr'>ἀβάπτιστα</span> <span class='ocrx_word' id='word_1_556' title='bbox 715 2260 957 2303; x_wconf 45' lang='grc' dir='ltr'>ἀποθνήσκοντα</span> <span class='ocrx_word' id='word_1_557' title='bbox 973 2259 1157 2303; x_wconf 66' lang='grc' dir='ltr'>τάττονταις</span> <span class='ocrx_word' id='word_1_558' title='bbox 1176 2261 1254 2306; x_wconf 80' lang='grc' dir='ltr'>μετὰ</span> <span class='ocrx_word' id='word_1_559' title='bbox 1270 2262 1334 2293; x_wconf 81' lang='grc' dir='ltr'>τῶν</span> <span class='ocrx_word' id='word_1_560' title='bbox 1348 2261 1500 2303; x_wconf 86' lang='grc' dir='ltr'>πιστῶνῆ</span> <span class='ocrx_word' id='word_1_561' title='bbox 1521 2259 1681 2305; x_wconf 74' lang='grc' dir='ltr'>ἀπίστων;</span> <span class='ocrx_word' id='word_1_562' title='bbox 1705 2258 1954 2294; x_wconf 80' lang='grc' dir='ltr'><strong>ἈΠΟΚΡ1Σ1Σ.</strong></span> 
     </span>
     <span class='ocr_line' id='line_1_46' title="bbox 420 2303 1953 2352; baseline -0.001 -12"><span class='ocrx_word' id='word_1_563' title='bbox 420 2308 487 2341; x_wconf 76' lang='grc' dir='ltr'>Τοῦ</span> <span class='ocrx_word' id='word_1_564' title='bbox 510 2307 617 2352; x_wconf 70' lang='grc' dir='ltr'>κυρίου</span> <span class='ocrx_word' id='word_1_565' title='bbox 642 2306 681 2340; x_wconf 83' lang='grc' dir='ltr'>λε’</span> <span class='ocrx_word' id='word_1_566' title='bbox 703 2319 811 2348; x_wconf 60' lang='lat' dir='ltr'>ova-03,</span> <span class='ocrx_word' id='word_1_567' title='bbox 835 2304 927 2351; x_wconf 71' lang='grc' dir='ltr'>ἄφετε</span> <span class='ocrx_word' id='word_1_568' title='bbox 953 2306 992 2338; x_wconf 80' lang='grc' dir='ltr'>τὰ</span> <span class='ocrx_word' id='word_1_569' title='bbox 1014 2306 1124 2340; x_wconf 79' lang='grc' dir='ltr'>παιδία</span> <span class='ocrx_word' id='word_1_570' title='bbox 1148 2304 1296 2351; x_wconf 74' lang='grc' dir='ltr'>ἔρχεσθαι</span> <span class='ocrx_word' id='word_1_571' title='bbox 1318 2305 1397 2350; x_wconf 69' lang='grc' dir='ltr'>πρὸς</span> <span class='ocrx_word' id='word_1_572' title='bbox 1421 2305 1475 2350; x_wconf 77' lang='grc' dir='ltr'>μὲ,</span> <span class='ocrx_word' id='word_1_573' title='bbox 1499 2307 1564 2338; x_wconf 88' lang='grc' dir='ltr'>τῶν</span> <span class='ocrx_word' id='word_1_574' title='bbox 1586 2304 1648 2350; x_wconf 85' lang='grc' dir='ltr'>γὰρ</span> <span class='ocrx_word' id='word_1_575' title='bbox 1664 2305 1818 2338; x_wconf 80' lang='grc' dir='ltr'>τοιούτων</span> <span class='ocrx_word' id='word_1_576' title='bbox 1835 2303 1953 2348; x_wconf 76' lang='grc' dir='ltr'>ἐστὶνῆ</span> 
     </span>
    </p>

    <p class='ocr_par' dir='ltr' id='par_1_3' title="bbox 420 2349 1954 2851">
     <span class='ocr_line' id='line_1_47' title="bbox 443 2349 1954 2397; baseline -0.002 -11"><span class='ocrx_word' id='word_1_577' title='bbox 443 2352 566 2386; x_wconf 73' lang='grc' dir='ltr'>ασιλεία</span> <span class='ocrx_word' id='word_1_578' title='bbox 581 2354 645 2385; x_wconf 81' lang='grc' dir='ltr'>τῶν</span> <span class='ocrx_word' id='word_1_579' title='bbox 664 2354 819 2397; x_wconf 73' lang='grc' dir='ltr'>ουρανῶν,</span> <span class='ocrx_word' id='word_1_580' title='bbox 837 2351 889 2384; x_wconf 72' lang='grc' dir='ltr'>καὶ</span> <span class='ocrx_word' id='word_1_581' title='bbox 903 2350 996 2384; x_wconf 70' lang='grc' dir='ltr'>πάλιν</span> <span class='ocrx_word' id='word_1_582' title='bbox 1014 2355 1070 2384; x_wconf 78' lang='grc' dir='ltr'>τοῦ</span> <span class='ocrx_word' id='word_1_583' title='bbox 1088 2349 1274 2384; x_wconf 73' lang='grc' dir='ltr'>ἀποστόλου</span> <span class='ocrx_word' id='word_1_584' title='bbox 1288 2350 1477 2396; x_wconf 69' lang='grc' dir='ltr'>φάσκοντος,</span> <span class='ocrx_word' id='word_1_585' title='bbox 1501 2353 1554 2383; x_wconf 79' lang='grc' dir='ltr'>νῦν</span> <span class='ocrx_word' id='word_1_586' title='bbox 1568 2349 1654 2384; x_wconf 78' lang='grc' dir='ltr'>δὲτὰ</span> <span class='ocrx_word' id='word_1_587' title='bbox 1665 2350 1760 2383; x_wconf 86' lang='grc' dir='ltr'>τέκνα</span> <span class='ocrx_word' id='word_1_588' title='bbox 1772 2349 1862 2396; x_wconf 83' lang='grc' dir='ltr'>ὑμῶν</span> <span class='ocrx_word' id='word_1_589' title='bbox 1879 2349 1954 2394; x_wconf 72' lang='grc' dir='ltr'>ἅγιά</span> 
     </span>
     <span class='ocr_line' id='line_1_48' title="bbox 421 2394 1952 2442; baseline -0.002 -11"><span class='ocrx_word' id='word_1_590' title='bbox 421 2410 514 2441; x_wconf 80' lang='grc' dir='ltr'>εστιν,</span> <span class='ocrx_word' id='word_1_591' title='bbox 532 2397 696 2442; x_wconf 70' lang='grc' dir='ltr'>πρόδηλον</span> <span class='ocrx_word' id='word_1_592' title='bbox 714 2396 762 2430; x_wconf 77' lang='grc' dir='ltr'>ὅτι</span> <span class='ocrx_word' id='word_1_593' title='bbox 779 2395 821 2436; x_wconf 83' lang='grc' dir='ltr'>ὡς</span> <span class='ocrx_word' id='word_1_594' title='bbox 840 2394 960 2429; x_wconf 76' lang='grc' dir='ltr'>ἄσπιλοι</span> <span class='ocrx_word' id='word_1_595' title='bbox 983 2396 1034 2428; x_wconf 79' lang='grc' dir='ltr'>καὶ</span> <span class='ocrx_word' id='word_1_596' title='bbox 1058 2396 1154 2429; x_wconf 76' lang='grc' dir='ltr'>πιστὰ</span> <span class='ocrx_word' id='word_1_597' title='bbox 1172 2395 1211 2435; x_wconf 80' lang='grc' dir='ltr'>εἰς</span> <span class='ocrx_word' id='word_1_598' title='bbox 1229 2396 1284 2439; x_wconf 78' lang='grc' dir='ltr'>τὴν</span> <span class='ocrx_word' id='word_1_599' title='bbox 1303 2395 1463 2440; x_wconf 74' lang='grc' dir='ltr'>βασιλείαν</span> <span class='ocrx_word' id='word_1_600' title='bbox 1481 2394 1672 2441; x_wconf 82' lang='grc' dir='ltr'>εἰςέρχονται</span> <span class='ocrx_word' id='word_1_601' title='bbox 1695 2394 1735 2429; x_wconf 82' lang='grc' dir='ltr'>τὰ</span> <span class='ocrx_word' id='word_1_602' title='bbox 1750 2397 1815 2429; x_wconf 88' lang='grc' dir='ltr'>τῶν</span> <span class='ocrx_word' id='word_1_603' title='bbox 1831 2396 1952 2428; x_wconf 84' lang='grc' dir='ltr'>πιστῶν</span> 
     </span>
     <span class='ocr_line' id='line_1_49' title="bbox 422 2439 1951 2489; baseline -0.002 -13"><span class='ocrx_word' id='word_1_604' title='bbox 422 2443 655 2489; x_wconf 76' lang='grc' dir='ltr'>βεβαπτισμένοι</span> <span class='ocrx_word' id='word_1_605' title='bbox 672 2443 776 2485; x_wconf 78' lang='grc' dir='ltr'>νήπια.</span> <span class='ocrx_word' id='word_1_606' title='bbox 809 2442 848 2475; x_wconf 77' lang='grc' dir='ltr'>τὰ</span> <span class='ocrx_word' id='word_1_607' title='bbox 871 2441 905 2475; x_wconf 77' lang='grc' dir='ltr'>δὲ</span> <span class='ocrx_word' id='word_1_608' title='bbox 928 2439 1111 2485; x_wconf 76' lang='grc' dir='ltr'>ἀβάπτιστα</span> <span class='ocrx_word' id='word_1_609' title='bbox 1133 2442 1185 2474; x_wconf 71' lang='grc' dir='ltr'>καὶ</span> <span class='ocrx_word' id='word_1_610' title='bbox 1206 2441 1246 2474; x_wconf 80' lang='grc' dir='ltr'>τὰ</span> <span class='ocrx_word' id='word_1_611' title='bbox 1267 2440 1389 2485; x_wconf 75' lang='grc' dir='ltr'>ἐθνικα,</span> <span class='ocrx_word' id='word_1_612' title='bbox 1413 2440 1486 2474; x_wconf 72' lang='grc' dir='ltr'>οὔτε</span> <span class='ocrx_word' id='word_1_613' title='bbox 1508 2440 1548 2479; x_wconf 75' lang='grc' dir='ltr'>εἰς</span> <span class='ocrx_word' id='word_1_614' title='bbox 1566 2440 1726 2485; x_wconf 82' lang='grc' dir='ltr'>βασιλείαν</span> <span class='ocrx_word' id='word_1_615' title='bbox 1749 2439 1951 2486; x_wconf 76' lang='grc' dir='ltr'>εἰςέρχονται,</span> 
     </span>
     <span class='ocr_line' id='line_1_50' title="bbox 422 2484 1952 2531; baseline -0.003 -9"><span class='ocrx_word' id='word_1_616' title='bbox 422 2487 493 2522; x_wconf 77' lang='grc' dir='ltr'>ἀλλ’</span> <span class='ocrx_word' id='word_1_617' title='bbox 512 2488 583 2521; x_wconf 78' lang='grc' dir='ltr'>οὔτε</span> <span class='ocrx_word' id='word_1_618' title='bbox 600 2486 695 2521; x_wconf 76' lang='grc' dir='ltr'>πάλιν</span> <span class='ocrx_word' id='word_1_619' title='bbox 712 2486 752 2527; x_wconf 82' lang='grc' dir='ltr'>εἰς</span> <span class='ocrx_word' id='word_1_620' title='bbox 770 2487 914 2528; x_wconf 80' lang='grc' dir='ltr'>κόλασιν,</span> <span class='ocrx_word' id='word_1_621' title='bbox 933 2486 1088 2531; x_wconf 77' lang='grc' dir='ltr'>ἁμαρτίαν</span> <span class='ocrx_word' id='word_1_622' title='bbox 1114 2487 1174 2531; x_wconf 80' lang='grc' dir='ltr'>γὰρ</span> <span class='ocrx_word' id='word_1_623' title='bbox 1200 2487 1259 2519; x_wconf 76' lang='grc' dir='ltr'>οὐκ</span> <span class='ocrx_word' id='word_1_624' title='bbox 1284 2484 1432 2531; x_wconf 77' lang='grc' dir='ltr'>ἔπραξαν.</span> <span class='ocrx_word' id='word_1_625' title='bbox 1467 2486 1538 2526; x_wconf 80' lang='lat' dir='ltr'>Quo</span> <span class='ocrx_word' id='word_1_626' title='bbox 1559 2488 1688 2520; x_wconf 76' lang='lat' dir='ltr'>vadunt</span> <span class='ocrx_word' id='word_1_627' title='bbox 1699 2489 1800 2531; x_wconf 81' lang='lat' dir='ltr'>pueri</span> <span class='ocrx_word' id='word_1_628' title='bbox 1813 2488 1952 2519; x_wconf 82' lang='lat' dir='ltr'>morien-</span> 
     </span>
     <span class='ocr_line' id='line_1_51' title="bbox 422 2531 1952 2578; baseline -0.003 -10"><span class='ocrx_word' id='word_1_629' title='bbox 422 2536 489 2568; x_wconf 72' lang='lat' dir='ltr'>tes?</span> <span class='ocrx_word' id='word_1_630' title='bbox 512 2535 788 2578; x_wconf 76' lang='lat' dir='ltr'>Adpoenamne?</span> <span class='ocrx_word' id='word_1_631' title='bbox 805 2546 847 2566; x_wconf 89' lang='lat' dir='ltr'>an</span> <span class='ocrx_word' id='word_1_632' title='bbox 867 2534 914 2566; x_wconf 83' lang='lat' dir='ltr'>ad</span> <span class='ocrx_word' id='word_1_633' title='bbox 928 2545 1073 2576; x_wconf 76' lang='lat' dir='ltr'>reynunz.</span> <span class='ocrx_word' id='word_1_634' title='bbox 1113 2532 1162 2566; x_wconf 87' lang='lat' dir='ltr'>Et</span> <span class='ocrx_word' id='word_1_635' title='bbox 1175 2545 1235 2577; x_wconf 81' lang='lat' dir='ltr'>quo</span> <span class='ocrx_word' id='word_1_636' title='bbox 1251 2533 1431 2576; x_wconf 72' lang='lat' dir='ltr'>infidelium</span> <span class='ocrx_word' id='word_1_637' title='bbox 1448 2544 1511 2565; x_wconf 74' lang='lat' dir='ltr'>non</span> <span class='ocrx_word' id='word_1_638' title='bbox 1527 2532 1706 2576; x_wconf 79' lang='lat' dir='ltr'>baptizati,</span> <span class='ocrx_word' id='word_1_639' title='bbox 1721 2534 1753 2564; x_wconf 80' lang='lat' dir='ltr'>si</span> <span class='ocrx_word' id='word_1_640' title='bbox 1767 2531 1952 2565; x_wconf 73' lang='lat' dir='ltr'>decedant?</span> 
     </span>
     <span class='ocr_line' id='line_1_52' title="bbox 421 2576 1950 2624; baseline -0.003 -10"><span class='ocrx_word' id='word_1_641' title='bbox 421 2582 630 2624; x_wconf 77' lang='lat' dir='ltr'>recipiuntur</span> <span class='ocrx_word' id='word_1_642' title='bbox 647 2591 716 2611; x_wconf 83' lang='lat' dir='ltr'>cum</span> <span class='ocrx_word' id='word_1_643' title='bbox 725 2579 939 2623; x_wconf 81' lang='lat' dir='ltr'>fidelibusne,</span> <span class='ocrx_word' id='word_1_644' title='bbox 965 2590 1008 2610; x_wconf 87' lang='lat' dir='ltr'>an</span> <span class='ocrx_word' id='word_1_645' title='bbox 1030 2590 1100 2610; x_wconf 83' lang='lat' dir='ltr'>cum</span> <span class='ocrx_word' id='word_1_646' title='bbox 1117 2578 1326 2622; x_wconf 75' lang='lat' dir='ltr'>infidelibus?</span> <span class='ocrx_word' id='word_1_647' title='bbox 1356 2577 1557 2622; x_wconf 77' lang='lat' dir='ltr'>Responsio:</span> <span class='ocrx_word' id='word_1_648' title='bbox 1581 2577 1660 2610; x_wconf 82' lang='lat' dir='ltr'>Cum</span> <span class='ocrx_word' id='word_1_649' title='bbox 1683 2578 1831 2611; x_wconf 79' lang='lat' dir='ltr'>dominus</span> <span class='ocrx_word' id='word_1_650' title='bbox 1846 2576 1950 2616; x_wconf 78' lang='lat' dir='ltr'>dicat,</span> 
     </span>
     <span class='ocr_line' id='line_1_53' title="bbox 420 2622 1951 2669; baseline -0.003 -11"><span class='ocrx_word' id='word_1_651' title='bbox 420 2628 518 2659; x_wconf 80' lang='lat' dir='ltr'>sinite</span> <span class='ocrx_word' id='word_1_652' title='bbox 528 2636 651 2669; x_wconf 78' lang='lat' dir='ltr'>pueros</span> <span class='ocrx_word' id='word_1_653' title='bbox 668 2626 715 2657; x_wconf 87' lang='lat' dir='ltr'>acl</span> <span class='ocrx_word' id='word_1_654' title='bbox 731 2636 778 2657; x_wconf 85' lang='lat' dir='ltr'>me</span> <span class='ocrx_word' id='word_1_655' title='bbox 796 2626 917 2664; x_wconf 66' lang='lat' dir='ltr'>venire,</span> <span class='ocrx_word' id='word_1_656' title='bbox 934 2624 1049 2657; x_wconf 75' lang='lat' dir='ltr'>talium</span> <span class='ocrx_word' id='word_1_657' title='bbox 1066 2626 1149 2656; x_wconf 82' lang='lat' dir='ltr'>enim</span> <span class='ocrx_word' id='word_1_658' title='bbox 1167 2630 1214 2656; x_wconf 80' lang='lat' dir='ltr'>est</span> <span class='ocrx_word' id='word_1_659' title='bbox 1230 2635 1364 2666; x_wconf 75' lang='lat' dir='ltr'>reqnum</span> <span class='ocrx_word' id='word_1_660' title='bbox 1382 2624 1563 2663; x_wconf 83' lang='lat' dir='ltr'>caelorum,</span> <span class='ocrx_word' id='word_1_661' title='bbox 1597 2625 1674 2655; x_wconf 82' lang='lat' dir='ltr'>item</span> <span class='ocrx_word' id='word_1_662' title='bbox 1697 2633 1768 2654; x_wconf 83' lang='lat' dir='ltr'>eum</span> <span class='ocrx_word' id='word_1_663' title='bbox 1784 2622 1951 2665; x_wconf 73' lang='lat' dir='ltr'>apostolus</span> 
     </span>
     <span class='ocr_line' id='line_1_54' title="bbox 423 2667 1952 2714; baseline -0.004 -10"><span class='ocrx_word' id='word_1_664' title='bbox 423 2677 565 2710; x_wconf 75' lang='lat' dir='ltr'>testetur,</span> <span class='ocrx_word' id='word_1_665' title='bbox 587 2682 671 2702; x_wconf 51' lang='lat' dir='ltr'>*nunc</span> <span class='ocrx_word' id='word_1_666' title='bbox 686 2671 757 2714; x_wconf 70' lang='lat' dir='ltr'>filii</span> <span class='ocrx_word' id='word_1_667' title='bbox 776 2671 879 2702; x_wconf 80' lang='lat' dir='ltr'>vestri</span> <span class='ocrx_word' id='word_1_668' title='bbox 898 2671 1011 2702; x_wconf 72' lang='lat' dir='ltr'>sancti</span> <span class='ocrx_word' id='word_1_669' title='bbox 1030 2674 1119 2709; x_wconf 84' lang='lat' dir='ltr'>sunt,</span> <span class='ocrx_word' id='word_1_670' title='bbox 1145 2674 1275 2702; x_wconf 81' lang='lat' dir='ltr'>constat</span> <span class='ocrx_word' id='word_1_671' title='bbox 1295 2671 1574 2702; x_wconf 71' lang='lat' dir='ltr'>incontaminatos</span> <span class='ocrx_word' id='word_1_672' title='bbox 1589 2673 1621 2701; x_wconf 86' lang='lat' dir='ltr'>et</span> <span class='ocrx_word' id='word_1_673' title='bbox 1631 2667 1750 2712; x_wconf 87' lang='lat' dir='ltr'>fideles</span> <span class='ocrx_word' id='word_1_674' title='bbox 1764 2668 1800 2698; x_wconf 82' lang='lat' dir='ltr'>in</span> <span class='ocrx_word' id='word_1_675' title='bbox 1814 2677 1952 2709; x_wconf 73' lang='lat' dir='ltr'>reynum</span> 
     </span>
     <span class='ocr_line' id='line_1_55' title="bbox 421 2713 1949 2760; baseline -0.002 -12"><span class='ocrx_word' id='word_1_676' title='bbox 421 2717 556 2760; x_wconf 68' lang='lat' dir='ltr'>inyredi</span> <span class='ocrx_word' id='word_1_677' title='bbox 570 2716 721 2759; x_wconf 79' lang='lat' dir='ltr'>fidelium</span> <span class='ocrx_word' id='word_1_678' title='bbox 744 2715 930 2759; x_wconf 70' lang='lat' dir='ltr'>baptizatos</span> <span class='ocrx_word' id='word_1_679' title='bbox 952 2716 1109 2758; x_wconf 78' lang='lat' dir='ltr'>infantes.</span> <span class='ocrx_word' id='word_1_680' title='bbox 1147 2713 1290 2746; x_wconf 76' lang='lat' dir='ltr'>Ethnz&#39;ci</span> <span class='ocrx_word' id='word_1_681' title='bbox 1311 2725 1389 2746; x_wconf 71' lang='lat' dir='ltr'>vero</span> <span class='ocrx_word' id='word_1_682' title='bbox 1413 2719 1445 2746; x_wconf 78' lang='lat' dir='ltr'>et</span> <span class='ocrx_word' id='word_1_683' title='bbox 1465 2725 1528 2746; x_wconf 82' lang='lat' dir='ltr'>non</span> <span class='ocrx_word' id='word_1_684' title='bbox 1552 2713 1716 2757; x_wconf 74' lang='lat' dir='ltr'>baptizati</span> <span class='ocrx_word' id='word_1_685' title='bbox 1730 2722 1830 2754; x_wconf 76' lang='lat' dir='ltr'>neque</span> <span class='ocrx_word' id='word_1_686' title='bbox 1845 2713 1881 2744; x_wconf 82' lang='lat' dir='ltr'>in</span> <span class='ocrx_word' id='word_1_687' title='bbox 1897 2724 1949 2745; x_wconf 83' lang='lat' dir='ltr'>re-</span> 
     </span>
     <span class='ocr_line' id='line_1_56' title="bbox 420 2757 1950 2806; baseline -0.001 -13"><span class='ocrx_word' id='word_1_688' title='bbox 420 2773 518 2806; x_wconf 75' lang='lat' dir='ltr'>ynum</span> <span class='ocrx_word' id='word_1_689' title='bbox 535 2762 777 2802; x_wconf 71' lang='lat' dir='ltr'>inqrediuntur,</span> <span class='ocrx_word' id='word_1_690' title='bbox 795 2771 894 2804; x_wconf 82' lang='lat' dir='ltr'>neque</span> <span class='ocrx_word' id='word_1_691' title='bbox 907 2763 1007 2792; x_wconf 78' lang='lat' dir='ltr'>etiam</span> <span class='ocrx_word' id='word_1_692' title='bbox 1019 2771 1136 2792; x_wconf 85' lang='lat' dir='ltr'>rursus</span> <span class='ocrx_word' id='word_1_693' title='bbox 1149 2761 1182 2792; x_wconf 79' lang='lat' dir='ltr'>in</span> <span class='ocrx_word' id='word_1_694' title='bbox 1192 2770 1347 2803; x_wconf 80' lang='lat' dir='ltr'>poenum,</span> <span class='ocrx_word' id='word_1_695' title='bbox 1361 2764 1538 2802; x_wconf 81' lang='lat' dir='ltr'>peccatum</span> <span class='ocrx_word' id='word_1_696' title='bbox 1551 2760 1634 2790; x_wconf 83' lang='lat' dir='ltr'>enim</span> <span class='ocrx_word' id='word_1_697' title='bbox 1645 2769 1709 2790; x_wconf 79' lang='lat' dir='ltr'>non</span> <span class='ocrx_word' id='word_1_698' title='bbox 1721 2757 1950 2799; x_wconf 65' lang='lat' dir='ltr'>designarunt.</span> 
     </span>
     <span class='ocr_line' id='line_1_57' title="bbox 421 2801 1949 2851; baseline -0.003 -11"><span class='ocrx_word' id='word_1_699' title='bbox 421 2806 549 2851; x_wconf 85' lang='lat' dir='ltr'>Atquin</span> <span class='ocrx_word' id='word_1_700' title='bbox 571 2805 659 2838; x_wconf 87' lang='lat' dir='ltr'>hanc</span> <span class='ocrx_word' id='word_1_701' title='bbox 687 2805 936 2850; x_wconf 74' lang='lat' dir='ltr'>praedictorum</span> <span class='ocrx_word' id='word_1_702' title='bbox 957 2809 1093 2849; x_wconf 86' lang='lat' dir='ltr'>patrum</span> <span class='ocrx_word' id='word_1_703' title='bbox 1116 2804 1156 2837; x_wconf 89' lang='lat' dir='ltr'>de</span> <span class='ocrx_word' id='word_1_704' title='bbox 1178 2816 1248 2838; x_wconf 87' lang='lat' dir='ltr'>non</span> <span class='ocrx_word' id='word_1_705' title='bbox 1271 2803 1449 2848; x_wconf 86' lang='lat' dir='ltr'>baptizatis</span> <span class='ocrx_word' id='word_1_706' title='bbox 1472 2803 1659 2837; x_wconf 82' lang='lat' dir='ltr'>infantibus</span> <span class='ocrx_word' id='word_1_707' title='bbox 1681 2801 1875 2846; x_wconf 88' lang='lat' dir='ltr'>opinionem</span> <span class='ocrx_word' id='word_1_708' title='bbox 1896 2813 1949 2836; x_wconf 88' lang='lat' dir='ltr'>se-</span> 
     </span>
    </p>

    <p class='ocr_par' dir='ltr' id='par_1_4' title="bbox 423 2845 1948 3119">
     <span class='ocr_line' id='line_1_58' title="bbox 446 2845 1948 2894; baseline -0.001 -10"><span class='ocrx_word' id='word_1_709' title='bbox 446 2855 572 2884; x_wconf 87' lang='lat' dir='ltr'>uuntur</span> <span class='ocrx_word' id='word_1_710' title='bbox 588 2855 622 2884; x_wconf 87' lang='lat' dir='ltr'>et</span> <span class='ocrx_word' id='word_1_711' title='bbox 637 2851 827 2894; x_wconf 85' lang='lat' dir='ltr'>approbant</span> <span class='ocrx_word' id='word_1_712' title='bbox 840 2849 1026 2891; x_wconf 74' lang='lat' dir='ltr'>pontificii,</span> <span class='ocrx_word' id='word_1_713' title='bbox 1050 2854 1089 2883; x_wconf 87' lang='lat' dir='ltr'>ut</span> <span class='ocrx_word' id='word_1_714' title='bbox 1108 2854 1202 2894; x_wconf 85' lang='lat' dir='ltr'>patet</span> <span class='ocrx_word' id='word_1_715' title='bbox 1223 2861 1267 2883; x_wconf 81' lang='lat' dir='ltr'>ex</span> <span class='ocrx_word' id='word_1_716' title='bbox 1285 2848 1448 2893; x_wconf 82' lang='lat' dir='ltr'>Gregorio</span> <span class='ocrx_word' id='word_1_717' title='bbox 1471 2848 1512 2882; x_wconf 85' lang='lat' dir='ltr'>de</span> <span class='ocrx_word' id='word_1_718' title='bbox 1532 2846 1690 2882; x_wconf 81' lang='lat' dir='ltr'>Valentia</span> <span class='ocrx_word' id='word_1_719' title='bbox 1710 2849 1792 2880; x_wconf 84' lang='lat' dir='ltr'>tom.</span> <span class='ocrx_word' id='word_1_720' title='bbox 1807 2845 1864 2881; x_wconf 91' lang='lat' dir='ltr'>IV.</span> <span class='ocrx_word' id='word_1_721' title='bbox 1887 2847 1948 2882; x_wconf 85' lang='lat' dir='ltr'>fol.</span> 
     </span>
     <span class='ocr_line' id='line_1_59' title="bbox 424 2862 1948 2939; baseline -0.003 -9"><span class='ocrx_word' id='word_1_722' title='bbox 424 2862 498 2931; x_wconf 54' lang='lat'>315.</span> <span class='ocrx_word' id='word_1_723' title='bbox 516 2900 549 2929; x_wconf 86' lang='lat' dir='ltr'>et</span> <span class='ocrx_word' id='word_1_724' title='bbox 564 2895 710 2929; x_wconf 87' lang='lat' dir='ltr'>Roberto</span> <span class='ocrx_word' id='word_1_725' title='bbox 726 2894 931 2928; x_wconf 84' lang='lat' dir='ltr'>Bellarmino</span> <span class='ocrx_word' id='word_1_726' title='bbox 949 2895 989 2928; x_wconf 90' lang='lat' dir='ltr'>de</span> <span class='ocrx_word' id='word_1_727' title='bbox 1006 2895 1228 2928; x_wconf 83' lang='lat' dir='ltr'>sacramentis</span> <span class='ocrx_word' id='word_1_728' title='bbox 1246 2894 1407 2939; x_wconf 84' lang='lat' dir='ltr'>baptismi</span> <span class='ocrx_word' id='word_1_729' title='bbox 1421 2893 1479 2928; x_wconf 90' lang='lat' dir='ltr'>lib.</span> <span class='ocrx_word' id='word_1_730' title='bbox 1495 2892 1520 2926; x_wconf 94' lang='grc' dir='ltr'>Ι.</span> <span class='ocrx_word' id='word_1_731' title='bbox 1537 2903 1609 2936; x_wconf 85' lang='lat' dir='ltr'>cap.</span> <span class='ocrx_word' id='word_1_732' title='bbox 1625 2891 1682 2926; x_wconf 91' lang='lat' dir='ltr'>IV.</span> <span class='ocrx_word' id='word_1_733' title='bbox 1699 2889 1770 2924; x_wconf 87' lang='lat' dir='ltr'>Nos</span> <span class='ocrx_word' id='word_1_734' title='bbox 1782 2902 1862 2925; x_wconf 85' lang='lat' dir='ltr'>vero</span> <span class='ocrx_word' id='word_1_735' title='bbox 1870 2903 1948 2937; x_wconf 86' lang='lat' dir='ltr'>par—</span> 
     </span>
     <span class='ocr_line' id='line_1_60' title="bbox 423 2936 1947 2984; baseline -0.002 -10"><span class='ocrx_word' id='word_1_736' title='bbox 423 2941 521 2974; x_wconf 78' lang='lat' dir='ltr'>vulos</span> <span class='ocrx_word' id='word_1_737' title='bbox 534 2940 685 2974; x_wconf 89' lang='lat' dir='ltr'>fidelium</span> <span class='ocrx_word' id='word_1_738' title='bbox 697 2940 825 2984; x_wconf 85' lang='lat' dir='ltr'>absque</span> <span class='ocrx_word' id='word_1_739' title='bbox 837 2941 1000 2973; x_wconf 85' lang='lat' dir='ltr'>tinctione</span> <span class='ocrx_word' id='word_1_740' title='bbox 1016 2950 1113 2973; x_wconf 87' lang='lat' dir='ltr'>sacra</span> <span class='ocrx_word' id='word_1_741' title='bbox 1124 2939 1323 2973; x_wconf 87' lang='lat' dir='ltr'>decedentes</span> <span class='ocrx_word' id='word_1_742' title='bbox 1337 2950 1407 2973; x_wconf 88' lang='lat' dir='ltr'>non</span> <span class='ocrx_word' id='word_1_743' title='bbox 1418 2937 1570 2971; x_wconf 87' lang='lat' dir='ltr'>damnari</span> <span class='ocrx_word' id='word_1_744' title='bbox 1585 2936 1780 2978; x_wconf 86' lang='lat' dir='ltr'>asserimus,</span> <span class='ocrx_word' id='word_1_745' title='bbox 1797 2937 1877 2981; x_wconf 89' lang='lat' dir='ltr'>quia</span> <span class='ocrx_word' id='word_1_746' title='bbox 1888 2949 1947 2971; x_wconf 88' lang='lat' dir='ltr'>ne-</span> 
     </span>
     <span class='ocr_line' id='line_1_61' title="bbox 426 2981 1947 3030; baseline -0.001 -12"><span class='ocrx_word' id='word_1_747' title='bbox 426 2986 566 3018; x_wconf 87' lang='lat' dir='ltr'>cessitas</span> <span class='ocrx_word' id='word_1_748' title='bbox 583 2985 743 3030; x_wconf 86' lang='lat' dir='ltr'>baptismi</span> <span class='ocrx_word' id='word_1_749' title='bbox 755 2995 824 3018; x_wconf 90' lang='lat' dir='ltr'>non</span> <span class='ocrx_word' id='word_1_750' title='bbox 837 2989 887 3018; x_wconf 88' lang='lat' dir='ltr'>est</span> <span class='ocrx_word' id='word_1_751' title='bbox 901 2985 1066 3025; x_wconf 86' lang='lat' dir='ltr'>absoluta,</span> <span class='ocrx_word' id='word_1_752' title='bbox 1083 2984 1143 3018; x_wconf 89' lang='lat' dir='ltr'>sed</span> <span class='ocrx_word' id='word_1_753' title='bbox 1156 2985 1318 3025; x_wconf 79' lang='lat' dir='ltr'>ordinata,</span> <span class='ocrx_word' id='word_1_754' title='bbox 1334 2993 1552 3027; x_wconf 84' lang='lat' dir='ltr'>nequaquam</span> <span class='ocrx_word' id='word_1_755' title='bbox 1564 2981 1746 3015; x_wconf 85' lang='lat' dir='ltr'>excludens</span> <span class='ocrx_word' id='word_1_756' title='bbox 1760 2983 1947 3017; x_wconf 77' lang='lat' dir='ltr'>extraordi-</span> 
     </span>
     <span class='ocr_line' id='line_1_62' title="bbox 425 3027 1945 3074; baseline -0.001 -11"><span class='ocrx_word' id='word_1_757' title='bbox 425 3031 555 3063; x_wconf 85' lang='lat' dir='ltr'>nariam</span> <span class='ocrx_word' id='word_1_758' title='bbox 577 3030 630 3063; x_wconf 89' lang='lat' dir='ltr'>dei</span> <span class='ocrx_word' id='word_1_759' title='bbox 652 3031 834 3070; x_wconf 84' lang='lat' dir='ltr'>actionem,</span> <span class='ocrx_word' id='word_1_760' title='bbox 858 3030 1122 3074; x_wconf 85' lang='lat' dir='ltr'>salvationisque</span> <span class='ocrx_word' id='word_1_761' title='bbox 1144 3030 1217 3063; x_wconf 89' lang='lat' dir='ltr'>eius</span> <span class='ocrx_word' id='word_1_762' title='bbox 1240 3028 1520 3068; x_wconf 84' lang='lat' dir='ltr'>misericordiam,</span> <span class='ocrx_word' id='word_1_763' title='bbox 1544 3036 1647 3071; x_wconf 85' lang='lat' dir='ltr'>quam</span> <span class='ocrx_word' id='word_1_764' title='bbox 1661 3038 1732 3060; x_wconf 88' lang='lat' dir='ltr'>non</span> <span class='ocrx_word' id='word_1_765' title='bbox 1746 3027 1796 3060; x_wconf 89' lang='lat' dir='ltr'>ita</span> <span class='ocrx_word' id='word_1_766' title='bbox 1809 3027 1945 3073; x_wconf 86' lang='lat' dir='ltr'>legibus</span> 
     </span>
     <span class='ocr_line' id='line_1_63' title="bbox 427 3071 1944 3119; baseline -0.001 -11"><span class='ocrx_word' id='word_1_767' title='bbox 427 3075 662 3108; x_wconf 78' lang='lat' dir='ltr'>communibus</span> <span class='ocrx_word' id='word_1_768' title='bbox 678 3074 866 3109; x_wconf 86' lang='lat' dir='ltr'>traditionis</span> <span class='ocrx_word' id='word_1_769' title='bbox 883 3073 1094 3109; x_wconf 86' lang='lat' dir='ltr'>Christianae</span> <span class='ocrx_word' id='word_1_770' title='bbox 1115 3080 1150 3108; x_wconf 87' lang='lat' dir='ltr'>et</span> <span class='ocrx_word' id='word_1_771' title='bbox 1170 3074 1252 3119; x_wconf 89' lang='lat' dir='ltr'>ipsis</span> <span class='ocrx_word' id='word_1_772' title='bbox 1269 3072 1489 3107; x_wconf 85' lang='lat' dir='ltr'>sacramentis</span> <span class='ocrx_word' id='word_1_773' title='bbox 1506 3071 1670 3116; x_wconf 80' lang='lat' dir='ltr'>alligavit,</span> <span class='ocrx_word' id='word_1_774' title='bbox 1685 3078 1724 3105; x_wconf 86' lang='lat' dir='ltr'>ut</span> <span class='ocrx_word' id='word_1_775' title='bbox 1735 3083 1803 3106; x_wconf 87' lang='lat' dir='ltr'>non</span> <span class='ocrx_word' id='word_1_776' title='bbox 1816 3073 1944 3118; x_wconf 86' lang='lat' dir='ltr'>absque</span> 
     </span>
    </p>
   </div>
  </div>
 </body>
</html>
