<?xml version="1.0" encoding="UTF-8"?>
<!DOCTYPE html PUBLIC "-//W3C//DTD XHTML 1.0 Transitional//EN"
    "http://www.w3.org/TR/xhtml1/DTD/xhtml1-transitional.dtd">
<html xmlns="http://www.w3.org/1999/xhtml" xml:lang="en" lang="en">
 <head>
  <title>
</title>
<meta http-equiv="Content-Type" content="text/html;charset=utf-8" />
  <meta name='ocr-system' content='tesseract 3.04.00' />
  <meta name='ocr-capabilities' content='ocr_page ocr_carea ocr_par ocr_line ocrx_word'/>
</head>
<body>
  <div class='ocr_page' id='page_1' title='image "./corporishaereseo01epipuoft_0349.png"; bbox 0 0 2052 3374; ppageno 0'>
   <div class='ocr_carea' id='block_1_1' title="bbox 644 170 1672 210">
    <p class='ocr_par' dir='ltr' id='par_1_1' title="bbox 644 170 1672 210">
     <span class='ocr_line' id='line_1_1' title="bbox 644 170 1672 210; baseline -0.008 -8"><span class='ocrx_word' id='word_1_1' title='bbox 644 176 695 202; x_wconf 79' lang='lat' dir='ltr'>DE</span> <span class='ocrx_word' id='word_1_2' title='bbox 714 175 949 201; x_wconf 79' lang='lat' dir='ltr'>HAERESIBUS</span> <span class='ocrx_word' id='word_1_3' title='bbox 968 173 1162 199; x_wconf 88' lang='lat' dir='ltr'>LIBELLUS.</span> <span class='ocrx_word' id='word_1_4' title='bbox 1591 170 1672 210; x_wconf 74' lang='lat'>327</span> 
     </span>
    </p>
   </div>
   <div class='ocr_carea' id='block_1_2' title="bbox 129 276 1678 1227">
    <p class='ocr_par' dir='ltr' id='par_1_2' title="bbox 129 276 1672 463">
     <span class='ocr_line' id='line_1_2' title="bbox 129 276 1672 339; baseline -0.007 -14"><span class='ocrx_word' id='word_1_5' title='bbox 129 283 340 339; x_wconf 87' lang='lat' dir='ltr'>voluptate</span> <span class='ocrx_word' id='word_1_6' title='bbox 371 284 551 338; x_wconf 86' lang='lat' dir='ltr'>corporis</span> <span class='ocrx_word' id='word_1_7' title='bbox 584 283 861 333; x_wconf 85' lang='lat' dir='ltr'>constituunt,</span> <span class='ocrx_word' id='word_1_8' title='bbox 889 279 1072 321; x_wconf 88' lang='lat' dir='ltr'>animam</span> <span class='ocrx_word' id='word_1_9' title='bbox 1102 276 1206 319; x_wconf 87' lang='lat' dir='ltr'>nihil</span> <span class='ocrx_word' id='word_1_10' title='bbox 1236 276 1348 318; x_wconf 88' lang='lat' dir='ltr'>aliud</span> <span class='ocrx_word' id='word_1_11' title='bbox 1379 289 1504 330; x_wconf 88' lang='lat' dir='ltr'>quam</span> <span class='ocrx_word' id='word_1_12' title='bbox 1525 287 1672 328; x_wconf 88' lang='lat' dir='ltr'>corpus</span> 
     </span>
     <span class='ocr_line' id='line_1_3' title="bbox 131 341 1671 405; baseline -0.007 -11"><span class='ocrx_word' id='word_1_13' title='bbox 131 366 220 394; x_wconf 88' lang='lat' dir='ltr'>esse</span> <span class='ocrx_word' id='word_1_14' title='bbox 243 351 406 405; x_wconf 87' lang='lat' dir='ltr'>dicunt,</span> <span class='ocrx_word' id='word_1_15' title='bbox 432 350 634 392; x_wconf 89' lang='lat' dir='ltr'>mundum</span> <span class='ocrx_word' id='word_1_16' title='bbox 662 364 745 392; x_wconf 92' lang='grc'>11011</span> <span class='ocrx_word' id='word_1_17' title='bbox 767 364 789 391; x_wconf 90' lang='lat' dir='ltr'>a</span> <span class='ocrx_word' id='word_1_18' title='bbox 811 349 886 391; x_wconf 86' lang='lat' dir='ltr'>deo</span> <span class='ocrx_word' id='word_1_19' title='bbox 909 349 1014 402; x_wconf 86' lang='lat' dir='ltr'>regi,</span> <span class='ocrx_word' id='word_1_20' title='bbox 1039 347 1112 389; x_wconf 83' lang='lat' dir='ltr'>sed</span> <span class='ocrx_word' id='word_1_21' title='bbox 1133 361 1183 389; x_wconf 77' lang='lat' dir='ltr'>ex</span> <span class='ocrx_word' id='word_1_22' title='bbox 1204 347 1366 399; x_wconf 87' lang='lat' dir='ltr'>atomis,</span> <span class='ocrx_word' id='word_1_23' title='bbox 1387 344 1497 386; x_wconf 90' lang='lat' dir='ltr'>unde</span> <span class='ocrx_word' id='word_1_24' title='bbox 1520 341 1671 399; x_wconf 87' lang='lat' dir='ltr'>produ-</span> 
     </span>
     <span class='ocr_line' id='line_1_4' title="bbox 132 419 420 463; baseline -0.01 0"><span class='ocrx_word' id='word_1_25' title='bbox 132 425 244 463; x_wconf 86' lang='lat' dir='ltr'>ctum</span> <span class='ocrx_word' id='word_1_26' title='bbox 265 419 420 461; x_wconf 87' lang='lat' dir='ltr'>dicunt.</span> 
     </span>
    </p>

    <p class='ocr_par' dir='ltr' id='par_1_3' title="bbox 130 481 1675 668">
     <span class='ocr_line' id='line_1_5' title="bbox 215 481 1675 544; baseline -0.006 -14"><span class='ocrx_word' id='word_1_27' title='bbox 215 488 588 544; x_wconf 85' lang='lat' dir='ltr'>Gymnosophistae</span> <span class='ocrx_word' id='word_1_28' title='bbox 618 487 719 529; x_wconf 90' lang='lat' dir='ltr'>nudi</span> <span class='ocrx_word' id='word_1_29' title='bbox 748 489 790 527; x_wconf 90' lang='lat' dir='ltr'>in</span> <span class='ocrx_word' id='word_1_30' title='bbox 819 485 994 527; x_wconf 79' lang='lat' dir='ltr'>desertis</span> <span class='ocrx_word' id='word_1_31' title='bbox 1025 485 1190 526; x_wconf 85' lang='lat' dir='ltr'>¹Indiae</span> <span class='ocrx_word' id='word_1_32' title='bbox 1218 481 1577 539; x_wconf 78' lang='lat' dir='ltr'>philosophantur,</span> <span class='ocrx_word' id='word_1_33' title='bbox 1598 494 1675 536; x_wconf 88' lang='lat' dir='ltr'>pu-</span> 
     </span>
     <span class='ocr_line' id='line_1_6' title="bbox 131 549 1674 610; baseline -0.006 -11"><span class='ocrx_word' id='word_1_34' title='bbox 131 557 267 599; x_wconf 90' lang='lat' dir='ltr'>denda</span> <span class='ocrx_word' id='word_1_35' title='bbox 292 560 455 598; x_wconf 90' lang='lat' dir='ltr'>tantum</span> <span class='ocrx_word' id='word_1_36' title='bbox 485 559 720 610; x_wconf 82' lang='lat' dir='ltr'>contegunt.</span> <span class='ocrx_word' id='word_1_37' title='bbox 770 555 824 596; x_wconf 81' lang='lat' dir='ltr'>Hi</span> <span class='ocrx_word' id='word_1_38' title='bbox 853 568 895 595; x_wconf 92' lang='lat' dir='ltr'>se</span> <span class='ocrx_word' id='word_1_39' title='bbox 923 554 966 595; x_wconf 91' lang='lat' dir='ltr'>in</span> <span class='ocrx_word' id='word_1_40' title='bbox 994 555 1132 608; x_wconf 79' lang='lat' dir='ltr'>ignem</span> <span class='ocrx_word' id='word_1_41' title='bbox 1160 552 1383 608; x_wconf 88' lang='lat' dir='ltr'>proiiciunt</span> <span class='ocrx_word' id='word_1_42' title='bbox 1412 564 1550 592; x_wconf 89' lang='lat' dir='ltr'>amore</span> <span class='ocrx_word' id='word_1_43' title='bbox 1572 549 1674 591; x_wconf 86' lang='lat' dir='ltr'>alte-</span> 
     </span>
     <span class='ocr_line' id='line_1_7' title="bbox 130 626 357 668; baseline -0.013 0"><span class='ocrx_word' id='word_1_44' title='bbox 130 628 215 668; x_wconf 86' lang='lat' dir='ltr'>rius</span> <span class='ocrx_word' id='word_1_45' title='bbox 235 626 357 667; x_wconf 84' lang='lat' dir='ltr'>vitae.</span> 
     </span>
    </p>

    <p class='ocr_par' dir='ltr' id='par_1_4' title="bbox 131 686 1678 1020">
     <span class='ocr_line' id='line_1_8' title="bbox 214 686 1676 748; baseline -0.005 -12"><span class='ocrx_word' id='word_1_46' title='bbox 214 693 415 744; x_wconf 82' lang='lat' dir='ltr'>1Quidam</span> <span class='ocrx_word' id='word_1_47' title='bbox 434 692 670 748; x_wconf 84' lang='lat' dir='ltr'>philosophi</span> <span class='ocrx_word' id='word_1_48' title='bbox 692 691 885 733; x_wconf 85' lang='lat' dir='ltr'>dixerunt</span> <span class='ocrx_word' id='word_1_49' title='bbox 904 690 1015 731; x_wconf 89' lang='lat' dir='ltr'>hunc</span> <span class='ocrx_word' id='word_1_50' title='bbox 1028 688 1231 730; x_wconf 90' lang='lat' dir='ltr'>mundum</span> <span class='ocrx_word' id='word_1_51' title='bbox 1249 703 1339 730; x_wconf 88' lang='lat' dir='ltr'>esse</span> <span class='ocrx_word' id='word_1_52' title='bbox 1358 688 1495 740; x_wconf 91' lang='lat' dir='ltr'>deum,</span> <span class='ocrx_word' id='word_1_53' title='bbox 1516 691 1561 728; x_wconf 85' lang='lat' dir='ltr'>ut</span> <span class='ocrx_word' id='word_1_54' title='bbox 1575 686 1676 728; x_wconf 89' lang='lat' dir='ltr'>Dio-</span> 
     </span>
     <span class='ocr_line' id='line_1_9' title="bbox 131 755 1676 817; baseline -0.005 -13"><span class='ocrx_word' id='word_1_55' title='bbox 131 761 293 817; x_wconf 86' lang='lat' dir='ltr'>nysius:</span> <span class='ocrx_word' id='word_1_56' title='bbox 316 761 485 816; x_wconf 87' lang='lat' dir='ltr'>quidam</span> <span class='ocrx_word' id='word_1_57' title='bbox 504 764 688 802; x_wconf 81' lang='lat' dir='ltr'>mentem</span> <span class='ocrx_word' id='word_1_58' title='bbox 709 760 901 801; x_wconf 78' lang='lat' dir='ltr'>dixerunt</span> <span class='ocrx_word' id='word_1_59' title='bbox 922 759 1065 811; x_wconf 89' lang='lat' dir='ltr'>deum,</span> <span class='ocrx_word' id='word_1_60' title='bbox 1092 762 1139 799; x_wconf 85' lang='lat' dir='ltr'>ut</span> <span class='ocrx_word' id='word_1_61' title='bbox 1166 757 1317 798; x_wconf 89' lang='lat' dir='ltr'>Thales</span> <span class='ocrx_word' id='word_1_62' title='bbox 1345 756 1552 798; x_wconf 89' lang='lat' dir='ltr'>Milesius:</span> <span class='ocrx_word' id='word_1_63' title='bbox 1585 755 1676 809; x_wconf 87' lang='lat' dir='ltr'>qui—</span> 
     </span>
     <span class='ocr_line' id='line_1_10' title="bbox 132 824 1677 879; baseline -0.005 -7"><span class='ocrx_word' id='word_1_64' title='bbox 132 831 228 873; x_wconf 88' lang='lat' dir='ltr'>dam</span> <span class='ocrx_word' id='word_1_65' title='bbox 248 830 434 872; x_wconf 89' lang='lat' dir='ltr'>animum</span> <span class='ocrx_word' id='word_1_66' title='bbox 453 829 521 870; x_wconf 82' lang='lat' dir='ltr'>2in</span> <span class='ocrx_word' id='word_1_67' title='bbox 550 829 742 871; x_wconf 89' lang='lat' dir='ltr'>omnibus</span> <span class='ocrx_word' id='word_1_68' title='bbox 762 831 1005 869; x_wconf 83' lang='lat' dir='ltr'>manantem</span> <span class='ocrx_word' id='word_1_69' title='bbox 1032 830 1072 867; x_wconf 89' lang='lat' dir='ltr'>et</span> <span class='ocrx_word' id='word_1_70' title='bbox 1098 826 1304 879; x_wconf 88' lang='lat' dir='ltr'>lucidum,</span> <span class='ocrx_word' id='word_1_71' title='bbox 1331 829 1377 866; x_wconf 87' lang='lat' dir='ltr'>ut</span> <span class='ocrx_word' id='word_1_72' title='bbox 1402 824 1677 879; x_wconf 77' lang='lat' dir='ltr'>Pythagoras:</span> 
     </span>
     <span class='ocr_line' id='line_1_11' title="bbox 132 892 1678 954; baseline -0.006 -13"><span class='ocrx_word' id='word_1_73' title='bbox 132 899 301 954; x_wconf 83' lang='lat' dir='ltr'>quidam</span> <span class='ocrx_word' id='word_1_74' title='bbox 323 901 412 940; x_wconf 91' lang='lat' dir='ltr'>sine</span> <span class='ocrx_word' id='word_1_75' title='bbox 434 902 620 954; x_wconf 88' lang='lat' dir='ltr'>tempore</span> <span class='ocrx_word' id='word_1_76' title='bbox 643 895 1050 948; x_wconf 77' lang='lat' dir='ltr'>incommutabilem,</span> <span class='ocrx_word' id='word_1_77' title='bbox 1077 899 1123 936; x_wconf 86' lang='lat' dir='ltr'>ut</span> <span class='ocrx_word' id='word_1_78' title='bbox 1142 894 1278 936; x_wconf 88' lang='lat' dir='ltr'>Plato:</span> <span class='ocrx_word' id='word_1_79' title='bbox 1310 893 1478 948; x_wconf 88' lang='lat' dir='ltr'>quidam</span> <span class='ocrx_word' id='word_1_80' title='bbox 1500 892 1678 934; x_wconf 88' lang='lat' dir='ltr'>solutam</span> 
     </span>
     <span class='ocr_line' id='line_1_12' title="bbox 131 962 1462 1020; baseline -0.006 -10"><span class='ocrx_word' id='word_1_81' title='bbox 131 972 315 1010; x_wconf 86' lang='lat' dir='ltr'>mentem</span> <span class='ocrx_word' id='word_1_82' title='bbox 337 972 381 1008; x_wconf 86' lang='lat' dir='ltr'>ut</span> <span class='ocrx_word' id='word_1_83' title='bbox 402 967 564 1009; x_wconf 88' lang='lat' dir='ltr'>Cicero:</span> <span class='ocrx_word' id='word_1_84' title='bbox 587 965 756 1020; x_wconf 88' lang='lat' dir='ltr'>quidam</span> <span class='ocrx_word' id='word_1_85' title='bbox 777 965 970 1020; x_wconf 89' lang='lat' dir='ltr'>spiritum</span> <span class='ocrx_word' id='word_1_86' title='bbox 992 969 1032 1005; x_wconf 91' lang='lat' dir='ltr'>et</span> <span class='ocrx_word' id='word_1_87' title='bbox 1052 966 1248 1015; x_wconf 89' lang='lat' dir='ltr'>mentem,</span> <span class='ocrx_word' id='word_1_88' title='bbox 1271 966 1315 1003; x_wconf 87' lang='lat' dir='ltr'>ut</span> <span class='ocrx_word' id='word_1_89' title='bbox 1335 962 1462 1004; x_wconf 87' lang='lat' dir='ltr'>Maro.</span> 
     </span>
    </p>

    <p class='ocr_par' dir='ltr' id='par_1_5' title="bbox 132 1031 1677 1227">
     <span class='ocr_line' id='line_1_13' title="bbox 216 1031 1677 1090; baseline -0.005 -13"><span class='ocrx_word' id='word_1_90' title='bbox 216 1036 347 1077; x_wconf 89' lang='lat' dir='ltr'>lItem</span> <span class='ocrx_word' id='word_1_91' title='bbox 366 1035 438 1076; x_wconf 91' lang='lat' dir='ltr'>alii</span> <span class='ocrx_word' id='word_1_92' title='bbox 457 1033 706 1090; x_wconf 81' lang='lat' dir='ltr'>philosophi,</span> <span class='ocrx_word' id='word_1_93' title='bbox 728 1037 773 1074; x_wconf 87' lang='lat' dir='ltr'>ut</span> <span class='ocrx_word' id='word_1_94' title='bbox 792 1033 1010 1084; x_wconf 74' lang='lat' dir='ltr'>Platonici,</span> <span class='ocrx_word' id='word_1_95' title='bbox 1031 1031 1234 1072; x_wconf 88' lang='lat' dir='ltr'>mundum</span> <span class='ocrx_word' id='word_1_96' title='bbox 1255 1031 1466 1071; x_wconf 85' lang='lat' dir='ltr'>affirmant</span> <span class='ocrx_word' id='word_1_97' title='bbox 1484 1031 1677 1084; x_wconf 86' lang='lat' dir='ltr'>incorpo-</span> 
     </span>
     <span class='ocr_line' id='line_1_14' title="bbox 133 1099 1677 1158; baseline -0.005 -12"><span class='ocrx_word' id='word_1_98' title='bbox 133 1105 282 1158; x_wconf 90' lang='lat' dir='ltr'>ralem,</span> <span class='ocrx_word' id='word_1_99' title='bbox 310 1103 440 1145; x_wconf 85' lang='lat' dir='ltr'>Stoici</span> <span class='ocrx_word' id='word_1_100' title='bbox 461 1101 736 1157; x_wconf 80' lang='lat' dir='ltr'>corporalem,</span> <span class='ocrx_word' id='word_1_101' title='bbox 764 1101 966 1157; x_wconf 84' lang='lat' dir='ltr'>Epicurus</span> <span class='ocrx_word' id='word_1_102' title='bbox 989 1115 1039 1142; x_wconf 75' lang='lat' dir='ltr'>ex</span> <span class='ocrx_word' id='word_1_103' title='bbox 1060 1101 1229 1152; x_wconf 88' lang='lat' dir='ltr'>atomis,</span> <span class='ocrx_word' id='word_1_104' title='bbox 1255 1099 1508 1153; x_wconf 65' lang='lat' dir='ltr'>Pythagoras</span> <span class='ocrx_word' id='word_1_105' title='bbox 1531 1112 1580 1139; x_wconf 88' lang='lat' dir='ltr'>ex</span> <span class='ocrx_word' id='word_1_106' title='bbox 1601 1111 1677 1138; x_wconf 92' lang='lat' dir='ltr'>nu-</span> 
     </span>
     <span class='ocr_line' id='line_1_15' title="bbox 132 1171 726 1227; baseline -0.008 -12"><span class='ocrx_word' id='word_1_107' title='bbox 132 1175 272 1227; x_wconf 87' lang='lat' dir='ltr'>meris,</span> <span class='ocrx_word' id='word_1_108' title='bbox 291 1171 527 1214; x_wconf 83' lang='lat' dir='ltr'>Heraclitus</span> <span class='ocrx_word' id='word_1_109' title='bbox 549 1185 599 1212; x_wconf 80' lang='lat' dir='ltr'>ex</span> <span class='ocrx_word' id='word_1_110' title='bbox 619 1172 726 1224; x_wconf 86' lang='lat' dir='ltr'>igne.</span> 
     </span>
    </p>
   </div>
   <div class='ocr_carea' id='block_1_3' title="bbox 134 1306 1683 1911">
    <p class='ocr_par' dir='ltr' id='par_1_6' title="bbox 215 1306 949 1352">
     <span class='ocr_line' id='line_1_16' title="bbox 215 1306 949 1352; baseline -0.007 0"><span class='ocrx_word' id='word_1_111' title='bbox 215 1310 264 1352; x_wconf 92' lang='lat' dir='ltr'>In</span> <span class='ocrx_word' id='word_1_112' title='bbox 285 1309 460 1351; x_wconf 88' lang='lat' dir='ltr'>ecclesia</span> <span class='ocrx_word' id='word_1_113' title='bbox 480 1308 648 1349; x_wconf 83' lang='lat' dir='ltr'>fuerunt</span> <span class='ocrx_word' id='word_1_114' title='bbox 666 1306 711 1348; x_wconf 90' lang='lat' dir='ltr'>hi</span> <span class='ocrx_word' id='word_1_115' title='bbox 730 1307 949 1348; x_wconf 87' lang='lat' dir='ltr'>haeretici:</span> 
     </span>
    </p>

    <p class='ocr_par' dir='ltr' id='par_1_7' title="bbox 134 1374 1683 1832">
     <span class='ocr_line' id='line_1_17' title="bbox 217 1374 1681 1430; baseline -0.004 -10"><span class='ocrx_word' id='word_1_116' title='bbox 217 1377 445 1420; x_wconf 89' lang='lat' dir='ltr'>Simoniaci</span> <span class='ocrx_word' id='word_1_117' title='bbox 472 1391 496 1417; x_wconf 89' lang='lat' dir='ltr'>a</span> <span class='ocrx_word' id='word_1_118' title='bbox 517 1376 685 1418; x_wconf 88' lang='lat' dir='ltr'>Simone</span> <span class='ocrx_word' id='word_1_119' title='bbox 715 1389 834 1429; x_wconf 84' lang='lat' dir='ltr'>mago</span> <span class='ocrx_word' id='word_1_120' title='bbox 864 1375 985 1427; x_wconf 87' lang='lat' dir='ltr'>dicti,</span> <span class='ocrx_word' id='word_1_121' title='bbox 1017 1377 1088 1429; x_wconf 88' lang='lat' dir='ltr'>qui</span> <span class='ocrx_word' id='word_1_122' title='bbox 1115 1376 1294 1430; x_wconf 89' lang='lat' dir='ltr'>pecunia</span> <span class='ocrx_word' id='word_1_123' title='bbox 1321 1375 1499 1414; x_wconf 86' lang='lat' dir='ltr'>tentavit</span> <span class='ocrx_word' id='word_1_124' title='bbox 1526 1374 1681 1415; x_wconf 88' lang='lat' dir='ltr'>donum</span> 
     </span>
     <span class='ocr_line' id='line_1_18' title="bbox 134 1444 1682 1502; baseline -0.004 -14"><span class='ocrx_word' id='word_1_125' title='bbox 134 1448 304 1502; x_wconf 85' lang='lat' dir='ltr'>spiritus</span> <span class='ocrx_word' id='word_1_126' title='bbox 326 1447 460 1487; x_wconf 89' lang='lat' dir='ltr'>sancti</span> <span class='ocrx_word' id='word_1_127' title='bbox 481 1445 532 1486; x_wconf 87' lang='lat' dir='ltr'>ab</span> <span class='ocrx_word' id='word_1_128' title='bbox 555 1444 752 1499; x_wconf 86' lang='lat' dir='ltr'>apostolis</span> <span class='ocrx_word' id='word_1_129' title='bbox 775 1458 1024 1498; x_wconf 88' lang='lat' dir='ltr'>comparare.</span> <span class='ocrx_word' id='word_1_130' title='bbox 1057 1444 1111 1484; x_wconf 89' lang='lat' dir='ltr'>Hi</span> <span class='ocrx_word' id='word_1_131' title='bbox 1133 1444 1279 1484; x_wconf 88' lang='lat' dir='ltr'>dicunt</span> <span class='ocrx_word' id='word_1_132' title='bbox 1301 1447 1531 1484; x_wconf 85' lang='lat' dir='ltr'>creaturam</span> <span class='ocrx_word' id='word_1_133' title='bbox 1553 1456 1636 1483; x_wconf 91' lang='grc'>11011</span> <span class='ocrx_word' id='word_1_134' title='bbox 1658 1457 1682 1482; x_wconf 83' lang='grc'>3</span> 
     </span>
     <span class='ocr_line' id='line_1_19' title="bbox 135 1511 1680 1569; baseline -0.004 -12"><span class='ocrx_word' id='word_1_135' title='bbox 135 1515 225 1568; x_wconf 87' lang='lat' dir='ltr'>deo,</span> <span class='ocrx_word' id='word_1_136' title='bbox 246 1514 320 1556; x_wconf 90' lang='lat' dir='ltr'>sed</span> <span class='ocrx_word' id='word_1_137' title='bbox 341 1528 364 1555; x_wconf 89' lang='lat' dir='ltr'>a</span> <span class='ocrx_word' id='word_1_138' title='bbox 385 1513 562 1569; x_wconf 90' lang='lat' dir='ltr'>quadam</span> <span class='ocrx_word' id='word_1_139' title='bbox 583 1526 761 1568; x_wconf 86' lang='lat' dir='ltr'>superna</span> <span class='ocrx_word' id='word_1_140' title='bbox 781 1512 931 1552; x_wconf 76' lang='lat' dir='ltr'>virtute</span> <span class='ocrx_word' id='word_1_141' title='bbox 950 1516 1142 1553; x_wconf 89' lang='lat' dir='ltr'>creatam.</span> <span class='ocrx_word' id='word_1_142' title='bbox 1176 1511 1330 1552; x_wconf 87' lang='lat' dir='ltr'>Omnes</span> <span class='ocrx_word' id='word_1_143' title='bbox 1349 1512 1419 1565; x_wconf 89' lang='lat' dir='ltr'>qui</span> <span class='ocrx_word' id='word_1_144' title='bbox 1436 1515 1578 1552; x_wconf 87' lang='lat' dir='ltr'>emunt</span> <span class='ocrx_word' id='word_1_145' title='bbox 1595 1513 1680 1566; x_wconf 89' lang='lat' dir='ltr'>spi-</span> 
     </span>
     <span class='ocr_line' id='line_1_20' title="bbox 135 1579 1680 1636; baseline -0.003 -11"><span class='ocrx_word' id='word_1_146' title='bbox 135 1583 319 1636; x_wconf 83' lang='lat' dir='ltr'>ritualia,</span> <span class='ocrx_word' id='word_1_147' title='bbox 347 1585 444 1624; x_wconf 90' lang='lat' dir='ltr'>sunt</span> <span class='ocrx_word' id='word_1_148' title='bbox 466 1581 716 1633; x_wconf 82' lang='lat' dir='ltr'>Simoniaci,</span> <span class='ocrx_word' id='word_1_149' title='bbox 747 1594 841 1621; x_wconf 89' lang='lat' dir='ltr'>cum</span> <span class='ocrx_word' id='word_1_150' title='bbox 862 1580 1029 1621; x_wconf 80' lang='lat' dir='ltr'>Simone</span> <span class='ocrx_word' id='word_1_151' title='bbox 1053 1579 1298 1621; x_wconf 83' lang='lat' dir='ltr'>damnandi:</span> <span class='ocrx_word' id='word_1_152' title='bbox 1330 1580 1398 1634; x_wconf 89' lang='lat' dir='ltr'>qui</span> <span class='ocrx_word' id='word_1_153' title='bbox 1420 1584 1559 1621; x_wconf 90' lang='lat' dir='ltr'>autem</span> <span class='ocrx_word' id='word_1_154' title='bbox 1580 1594 1680 1621; x_wconf 79' lang='lat' dir='ltr'>ven-</span> 
     </span>
     <span class='ocr_line' id='line_1_21' title="bbox 135 1648 1680 1703; baseline -0.003 -9"><span class='ocrx_word' id='word_1_155' title='bbox 135 1652 240 1694; x_wconf 88' lang='lat' dir='ltr'>dunt</span> <span class='ocrx_word' id='word_1_156' title='bbox 261 1654 358 1692; x_wconf 86' lang='lat' dir='ltr'>sunt</span> <span class='ocrx_word' id='word_1_157' title='bbox 379 1651 581 1702; x_wconf 85' lang='lat' dir='ltr'>Giezitae,</span> <span class='ocrx_word' id='word_1_158' title='bbox 604 1663 698 1690; x_wconf 90' lang='lat' dir='ltr'>cum</span> <span class='ocrx_word' id='word_1_159' title='bbox 720 1649 857 1689; x_wconf 80' lang='lat' dir='ltr'>¹Giezi</span> <span class='ocrx_word' id='word_1_160' title='bbox 880 1663 996 1690; x_wconf 70' lang='lat' dir='ltr'>servo</span> <span class='ocrx_word' id='word_1_161' title='bbox 1017 1649 1201 1690; x_wconf 87' lang='lat' dir='ltr'>Helisaei</span> <span class='ocrx_word' id='word_1_162' title='bbox 1223 1648 1494 1703; x_wconf 82' lang='lat' dir='ltr'>reprobandi,</span> <span class='ocrx_word' id='word_1_163' title='bbox 1523 1650 1591 1702; x_wconf 88' lang='lat' dir='ltr'>qui</span> <span class='ocrx_word' id='word_1_164' title='bbox 1614 1663 1680 1689; x_wconf 88' lang='lat' dir='ltr'>sa-</span> 
     </span>
     <span class='ocr_line' id='line_1_22' title="bbox 134 1717 1683 1774; baseline -0.003 -12"><span class='ocrx_word' id='word_1_165' title='bbox 134 1721 264 1762; x_wconf 86' lang='lat' dir='ltr'>lutem</span> <span class='ocrx_word' id='word_1_166' title='bbox 283 1719 486 1773; x_wconf 79' lang='lat' dir='ltr'>vendjdit,</span> <span class='ocrx_word' id='word_1_167' title='bbox 509 1732 631 1774; x_wconf 87' lang='lat' dir='ltr'>quam</span> <span class='ocrx_word' id='word_1_168' title='bbox 652 1717 869 1759; x_wconf 79' lang='lat' dir='ltr'>Helisaeus</span> <span class='ocrx_word' id='word_1_169' title='bbox 890 1718 1017 1771; x_wconf 81' lang='lat' dir='ltr'>gratis</span> <span class='ocrx_word' id='word_1_170' title='bbox 1036 1717 1163 1770; x_wconf 84' lang='lat' dir='ltr'>dedit,</span> <span class='ocrx_word' id='word_1_171' title='bbox 1185 1721 1226 1758; x_wconf 90' lang='lat' dir='ltr'>et</span> <span class='ocrx_word' id='word_1_172' title='bbox 1246 1717 1338 1758; x_wconf 87' lang='lat' dir='ltr'>ideo</span> <span class='ocrx_word' id='word_1_173' title='bbox 1361 1717 1477 1772; x_wconf 90' lang='lat' dir='ltr'>lepra</span> <span class='ocrx_word' id='word_1_174' title='bbox 1497 1717 1683 1758; x_wconf 73' lang='lat' dir='ltr'>Naaman</span> 
     </span>
     <span class='ocr_line' id='line_1_23' title="bbox 136 1789 396 1832; baseline -0.015 0"><span class='ocrx_word' id='word_1_175' title='bbox 136 1790 175 1832; x_wconf 86' lang='lat' dir='ltr'>ei</span> <span class='ocrx_word' id='word_1_176' title='bbox 195 1789 396 1830; x_wconf 87' lang='lat' dir='ltr'>adhaesit.</span> 
     </span>
    </p>

    <p class='ocr_par' dir='ltr' id='par_1_8' title="bbox 218 1853 1683 1911">
     <span class='ocr_line' id='line_1_24' title="bbox 218 1853 1683 1911; baseline -0.002 -12"><span class='ocrx_word' id='word_1_177' title='bbox 218 1856 507 1900; x_wconf 81' lang='lat' dir='ltr'>Menandriani</span> <span class='ocrx_word' id='word_1_178' title='bbox 528 1870 552 1897; x_wconf 88' lang='lat' dir='ltr'>a</span> <span class='ocrx_word' id='word_1_179' title='bbox 571 1854 797 1898; x_wconf 86' lang='lat' dir='ltr'>Menandro</span> <span class='ocrx_word' id='word_1_180' title='bbox 821 1854 1021 1911; x_wconf 90' lang='lat' dir='ltr'>discipulo</span> <span class='ocrx_word' id='word_1_181' title='bbox 1044 1853 1226 1897; x_wconf 86' lang='lat' dir='ltr'>Simonis</span> <span class='ocrx_word' id='word_1_182' title='bbox 1249 1854 1361 1896; x_wconf 89' lang='lat' dir='ltr'>dicti.</span> <span class='ocrx_word' id='word_1_183' title='bbox 1407 1854 1460 1896; x_wconf 87' lang='lat' dir='ltr'>Hi</span> <span class='ocrx_word' id='word_1_184' title='bbox 1481 1854 1683 1896; x_wconf 89' lang='lat' dir='ltr'>mundum</span> 
     </span>
    </p>
   </div>
   <div class='ocr_carea' id='block_1_4' title="bbox 136 2002 1683 2094">
    <p class='ocr_par' dir='ltr' id='par_1_9' title="bbox 136 2002 1683 2094">
     <span class='ocr_line' id='line_1_25' title="bbox 136 2002 1683 2048; baseline -0.001 -10"><span class='ocrx_word' id='word_1_185' title='bbox 136 2005 216 2040; x_wconf 80' lang='lat' dir='ltr'>sint.</span> <span class='ocrx_word' id='word_1_186' title='bbox 243 2004 413 2038; x_wconf 87' lang='lat' dir='ltr'>Asserunt</span> <span class='ocrx_word' id='word_1_187' title='bbox 429 2007 546 2037; x_wconf 86' lang='lat' dir='ltr'>autem</span> <span class='ocrx_word' id='word_1_188' title='bbox 562 2003 664 2036; x_wconf 90' lang='lat' dir='ltr'>deum</span> <span class='ocrx_word' id='word_1_189' title='bbox 680 2002 766 2036; x_wconf 88' lang='lat' dir='ltr'>nihil</span> <span class='ocrx_word' id='word_1_190' title='bbox 782 2013 897 2046; x_wconf 69' lang='lat' dir='ltr'>agere,</span> <span class='ocrx_word' id='word_1_191' title='bbox 914 2003 1031 2037; x_wconf 90' lang='lat' dir='ltr'>omnia</span> <span class='ocrx_word' id='word_1_192' title='bbox 1047 2007 1204 2036; x_wconf 86' lang='lat' dir='ltr'>constare</span> <span class='ocrx_word' id='word_1_193' title='bbox 1221 2002 1439 2048; x_wconf 85' lang='lat' dir='ltr'>corporibus,</span> <span class='ocrx_word' id='word_1_194' title='bbox 1465 2002 1616 2036; x_wconf 89' lang='lat' dir='ltr'>animam</span> <span class='ocrx_word' id='word_1_195' title='bbox 1635 2003 1683 2036; x_wconf 90' lang='lat' dir='ltr'>ni-</span> 
     </span>
     <span class='ocr_line' id='line_1_26' title="bbox 136 2047 1630 2094; baseline -0.001 -10"><span class='ocrx_word' id='word_1_196' title='bbox 136 2049 181 2084; x_wconf 91' lang='lat' dir='ltr'>hil</span> <span class='ocrx_word' id='word_1_197' title='bbox 199 2050 293 2084; x_wconf 86' lang='lat' dir='ltr'>aliud</span> <span class='ocrx_word' id='word_1_198' title='bbox 309 2061 384 2084; x_wconf 88' lang='lat' dir='ltr'>esse</span> <span class='ocrx_word' id='word_1_199' title='bbox 403 2060 508 2094; x_wconf 88' lang='lat' dir='ltr'>quam</span> <span class='ocrx_word' id='word_1_200' title='bbox 523 2060 657 2094; x_wconf 85' lang='lat' dir='ltr'>corpus.</span> <span class='ocrx_word' id='word_1_201' title='bbox 684 2047 779 2082; x_wconf 81' lang='lat' dir='ltr'>Unde</span> <span class='ocrx_word' id='word_1_202' title='bbox 797 2052 830 2081; x_wconf 86' lang='lat' dir='ltr'>et</span> <span class='ocrx_word' id='word_1_203' title='bbox 847 2048 943 2090; x_wconf 85' lang='lat' dir='ltr'>dixit,</span> <span class='ocrx_word' id='word_1_204' title='bbox 960 2048 1038 2082; x_wconf 90' lang='lat' dir='ltr'>Non</span> <span class='ocrx_word' id='word_1_205' title='bbox 1055 2060 1110 2082; x_wconf 89' lang='lat' dir='ltr'>ero</span> <span class='ocrx_word' id='word_1_206' title='bbox 1128 2053 1312 2093; x_wconf 53' lang='lat' dir='ltr'>post-luam</span> <span class='ocrx_word' id='word_1_207' title='bbox 1328 2053 1484 2082; x_wconf 90' lang='lat' dir='ltr'>mortuus</span> <span class='ocrx_word' id='word_1_208' title='bbox 1501 2048 1630 2082; x_wconf 84' lang='lat' dir='ltr'>fuero.”</span> 
     </span>
    </p>
   </div>
   <div class='ocr_carea' id='block_1_5' title="bbox 137 2104 1685 2823">
    <p class='ocr_par' dir='ltr' id='par_1_10' title="bbox 137 2104 1685 2332">
     <span class='ocr_line' id='line_1_27' title="bbox 226 2104 1685 2151; baseline -0.001 -11"><span class='ocrx_word' id='word_1_209' title='bbox 226 2105 307 2151; x_wconf 86' lang='lat' dir='ltr'>Cap.</span> <span class='ocrx_word' id='word_1_210' title='bbox 324 2106 400 2140; x_wconf 83' lang='lat' dir='ltr'>XV.</span> <span class='ocrx_word' id='word_1_211' title='bbox 418 2126 462 2130; x_wconf 88' lang='lat'><strong>—</strong></span> <span class='ocrx_word' id='word_1_212' title='bbox 490 2106 516 2140; x_wconf 93' lang='lat' dir='ltr'>l.</span> <span class='ocrx_word' id='word_1_213' title='bbox 542 2106 598 2138; x_wconf 77' lang='lat' dir='ltr'>Ita</span> <span class='ocrx_word' id='word_1_214' title='bbox 618 2107 783 2149; x_wconf 64' lang='lat' dir='ltr'>rescripsi</span> <span class='ocrx_word' id='word_1_215' title='bbox 802 2118 866 2149; x_wconf 78' lang='lat' dir='ltr'>pro</span> <span class='ocrx_word' id='word_1_216' title='bbox 884 2118 918 2138; x_wconf 81' lang='lat' dir='ltr'>eo</span> <span class='ocrx_word' id='word_1_217' title='bbox 943 2107 1030 2149; x_wconf 73' lang='lat' dir='ltr'>quod</span> <span class='ocrx_word' id='word_1_218' title='bbox 1045 2107 1141 2149; x_wconf 68' lang='lat' dir='ltr'>vul90</span> <span class='ocrx_word' id='word_1_219' title='bbox 1159 2111 1251 2138; x_wconf 59' lang='lat' dir='ltr'>estat</span> <span class='ocrx_word' id='word_1_220' title='bbox 1270 2105 1306 2138; x_wconf 88' lang='lat' dir='ltr'>in</span> <span class='ocrx_word' id='word_1_221' title='bbox 1323 2105 1375 2138; x_wconf 78' lang='lat' dir='ltr'>dje</span> <span class='ocrx_word' id='word_1_222' title='bbox 1397 2104 1685 2150; x_wconf 68' lang='lat' dir='ltr'>philosophantur</span> 
     </span>
     <span class='ocr_line' id='line_1_28' title="bbox 138 2150 1684 2196; baseline -0.001 -11"><span class='ocrx_word' id='word_1_223' title='bbox 138 2158 211 2186; x_wconf 73' lang='lat' dir='ltr'>cett.</span> <span class='ocrx_word' id='word_1_224' title='bbox 236 2151 356 2187; x_wconf 87' lang='lat' dir='ltr'>Isidor.</span> <span class='ocrx_word' id='word_1_225' title='bbox 374 2151 491 2196; x_wconf 84' lang='lat' dir='ltr'>Origg.</span> <span class='ocrx_word' id='word_1_226' title='bbox 510 2150 596 2191; x_wconf 78' lang='lat' dir='ltr'>VIII,</span> <span class='ocrx_word' id='word_1_227' title='bbox 616 2150 646 2191; x_wconf 82' lang='grc'>6,</span> <span class='ocrx_word' id='word_1_228' title='bbox 669 2150 718 2184; x_wconf 81' lang='lat'>17.</span> <span class='ocrx_word' id='word_1_229' title='bbox 746 2150 1080 2196; x_wconf 67' lang='lat' dir='ltr'>„Gymnosophistae</span> <span class='ocrx_word' id='word_1_230' title='bbox 1097 2150 1180 2184; x_wconf 86' lang='lat' dir='ltr'>nudi</span> <span class='ocrx_word' id='word_1_231' title='bbox 1201 2162 1261 2195; x_wconf 91' lang='lat' dir='ltr'>per</span> <span class='ocrx_word' id='word_1_232' title='bbox 1285 2161 1409 2196; x_wconf 88' lang='lat' dir='ltr'>opacas</span> <span class='ocrx_word' id='word_1_233' title='bbox 1426 2151 1544 2184; x_wconf 83' lang='lat' dir='ltr'>Indiae</span> <span class='ocrx_word' id='word_1_234' title='bbox 1568 2151 1684 2184; x_wconf 87' lang='lat' dir='ltr'>solitu·</span> 
     </span>
     <span class='ocr_line' id='line_1_29' title="bbox 137 2195 1684 2242; baseline -0.001 -11"><span class='ocrx_word' id='word_1_235' title='bbox 137 2198 232 2232; x_wconf 89' lang='lat' dir='ltr'>dines</span> <span class='ocrx_word' id='word_1_236' title='bbox 248 2196 470 2242; x_wconf 87' lang='lat' dir='ltr'>perhibentur</span> <span class='ocrx_word' id='word_1_237' title='bbox 485 2195 728 2241; x_wconf 86' lang='lat' dir='ltr'>philosophari,</span> <span class='ocrx_word' id='word_1_238' title='bbox 746 2195 946 2230; x_wconf 80' lang='lat' dir='ltr'>adhibentes</span> <span class='ocrx_word' id='word_1_239' title='bbox 963 2201 1095 2229; x_wconf 90' lang='lat' dir='ltr'>tantum</span> <span class='ocrx_word' id='word_1_240' title='bbox 1109 2197 1318 2241; x_wconf 84' lang='lat' dir='ltr'>genitalibus</span> <span class='ocrx_word' id='word_1_241' title='bbox 1335 2197 1499 2241; x_wconf 83' lang='lat' dir='ltr'>tegmina.</span> <span class='ocrx_word' id='word_1_242' title='bbox 1534 2196 1684 2235; x_wconf 71' lang='lat' dir='ltr'>vana-</span> 
     </span>
     <span class='ocr_line' id='line_1_30' title="bbox 138 2234 1683 2287; baseline -0.001 -10"><span class='ocrx_word' id='word_1_243' title='bbox 138 2244 229 2277; x_wconf 91' lang='lat' dir='ltr'>sium</span> <span class='ocrx_word' id='word_1_244' title='bbox 246 2243 336 2276; x_wconf 88' lang='lat' dir='ltr'>enim</span> <span class='ocrx_word' id='word_1_245' title='bbox 355 2253 399 2276; x_wconf 84' lang='lat' dir='ltr'>ex</span> <span class='ocrx_word' id='word_1_246' title='bbox 416 2253 456 2275; x_wconf 87' lang='lat' dir='ltr'>eo</span> <span class='ocrx_word' id='word_1_247' title='bbox 473 2242 603 2275; x_wconf 90' lang='lat' dir='ltr'>dictum</span> <span class='ocrx_word' id='word_1_248' title='bbox 619 2247 685 2279; x_wconf 74' lang='grc'>051,</span> <span class='ocrx_word' id='word_1_249' title='bbox 711 2241 801 2286; x_wconf 90' lang='lat' dir='ltr'>quod</span> <span class='ocrx_word' id='word_1_250' title='bbox 817 2242 958 2275; x_wconf 87' lang='lat' dir='ltr'>iuvenes</span> <span class='ocrx_word' id='word_1_251' title='bbox 975 2242 1058 2275; x_wconf 87' lang='lat' dir='ltr'>nudi</span> <span class='ocrx_word' id='word_1_252' title='bbox 1075 2247 1314 2276; x_wconf 83' lang='lat' dir='ltr'>exercerentur</span> <span class='ocrx_word' id='word_1_253' title='bbox 1330 2242 1365 2275; x_wconf 92' lang='grc'>111</span> <span class='ocrx_word' id='word_1_254' title='bbox 1383 2253 1504 2287; x_wconf 85' lang='grc' dir='ltr'>03111Ρο</span> <span class='ocrx_word' id='word_1_255' title='bbox 1515 2270 1522 2281; x_wconf 74' lang='lat'>,</span> <span class='ocrx_word' id='word_1_256' title='bbox 1547 2234 1606 2276; x_wconf 58' lang='lat' dir='ltr'>u‘bi</span> <span class='ocrx_word' id='word_1_257' title='bbox 1623 2254 1683 2287; x_wconf 91' lang='lat' dir='ltr'>pu-</span> 
     </span>
     <span class='ocr_line' id='line_1_31' title="bbox 138 2287 1377 2332; baseline -0.001 -10"><span class='ocrx_word' id='word_1_258' title='bbox 138 2288 249 2322; x_wconf 87' lang='lat' dir='ltr'>denda</span> <span class='ocrx_word' id='word_1_259' title='bbox 265 2288 341 2322; x_wconf 80' lang='lat' dir='ltr'>sola</span> <span class='ocrx_word' id='word_1_260' title='bbox 357 2292 492 2320; x_wconf 90' lang='lat' dir='ltr'>tantum</span> <span class='ocrx_word' id='word_1_261' title='bbox 510 2298 546 2320; x_wconf 87' lang='lat' dir='ltr'>se</span> <span class='ocrx_word' id='word_1_262' title='bbox 564 2287 732 2331; x_wconf 88' lang='lat' dir='ltr'>operiunt.</span> <span class='ocrx_word' id='word_1_263' title='bbox 772 2287 814 2320; x_wconf 85' lang='lat' dir='ltr'>Ili</span> <span class='ocrx_word' id='word_1_264' title='bbox 831 2291 863 2320; x_wconf 89' lang='lat' dir='ltr'>et</span> <span class='ocrx_word' id='word_1_265' title='bbox 880 2298 900 2320; x_wconf 88' lang='grc'>3</span> <span class='ocrx_word' id='word_1_266' title='bbox 917 2287 1112 2332; x_wconf 80' lang='lat' dir='ltr'>generando</span> <span class='ocrx_word' id='word_1_267' title='bbox 1131 2299 1167 2320; x_wconf 91' lang='lat' dir='ltr'>se</span> <span class='ocrx_word' id='word_1_268' title='bbox 1185 2287 1377 2321; x_wconf 82' lang='lat' dir='ltr'>cohibent.&#39;’</span> 
     </span>
    </p>

    <p class='ocr_par' dir='ltr' id='par_1_11' title="bbox 138 2332 1685 2741">
     <span class='ocr_line' id='line_1_32' title="bbox 228 2332 1685 2379; baseline 0 -12"><span class='ocrx_word' id='word_1_269' title='bbox 228 2333 309 2379; x_wconf 87' lang='lat' dir='ltr'>Cap.</span> <span class='ocrx_word' id='word_1_270' title='bbox 327 2333 418 2367; x_wconf 71' lang='lat' dir='ltr'>XVI.</span> <span class='ocrx_word' id='word_1_271' title='bbox 438 2352 481 2356; x_wconf 91' lang='lat'><strong>—</strong></span> <span class='ocrx_word' id='word_1_272' title='bbox 511 2333 535 2365; x_wconf 90' lang='lat'>1.</span> <span class='ocrx_word' id='word_1_273' title='bbox 561 2332 677 2366; x_wconf 88' lang='lat' dir='ltr'>Isidor.</span> <span class='ocrx_word' id='word_1_274' title='bbox 696 2332 814 2377; x_wconf 80' lang='lat' dir='ltr'>Origg.</span> <span class='ocrx_word' id='word_1_275' title='bbox 834 2332 920 2374; x_wconf 66' lang='lat' dir='ltr'>VIII,</span> <span class='ocrx_word' id='word_1_276' title='bbox 939 2333 969 2374; x_wconf 82' lang='grc'>6,</span> <span class='ocrx_word' id='word_1_277' title='bbox 991 2333 1039 2366; x_wconf 73' lang='lat'>18..</span> <span class='ocrx_word' id='word_1_278' title='bbox 1075 2332 1261 2378; x_wconf 80' lang='lat' dir='ltr'>„Theologi</span> <span class='ocrx_word' id='word_1_279' title='bbox 1278 2338 1394 2367; x_wconf 88' lang='lat' dir='ltr'>autem</span> <span class='ocrx_word' id='word_1_280' title='bbox 1409 2333 1511 2367; x_wconf 91' lang='lat' dir='ltr'>iidem</span> <span class='ocrx_word' id='word_1_281' title='bbox 1529 2338 1607 2367; x_wconf 90' lang='lat' dir='ltr'>sunt</span> <span class='ocrx_word' id='word_1_282' title='bbox 1626 2335 1685 2378; x_wconf 85' lang='lat' dir='ltr'>qui</span> 
     </span>
     <span class='ocr_line' id='line_1_33' title="bbox 139 2376 1683 2425; baseline -0.001 -11"><span class='ocrx_word' id='word_1_283' title='bbox 139 2383 171 2414; x_wconf 88' lang='lat' dir='ltr'>et</span> <span class='ocrx_word' id='word_1_284' title='bbox 194 2379 340 2425; x_wconf 77' lang='lat' dir='ltr'>physici.</span> <span class='ocrx_word' id='word_1_285' title='bbox 381 2378 471 2412; x_wconf 88' lang='lat' dir='ltr'>Dicti</span> <span class='ocrx_word' id='word_1_286' title='bbox 494 2382 608 2411; x_wconf 86' lang='lat' dir='ltr'>autem</span> <span class='ocrx_word' id='word_1_287' title='bbox 633 2376 785 2419; x_wconf 64' lang='lat' dir='ltr'>theolog-i</span> <span class='ocrx_word' id='word_1_288' title='bbox 808 2379 970 2422; x_wconf 87' lang='lat' dir='ltr'>quoniam</span> <span class='ocrx_word' id='word_1_289' title='bbox 998 2379 1032 2411; x_wconf 92' lang='lat' dir='ltr'>in</span> <span class='ocrx_word' id='word_1_290' title='bbox 1057 2379 1232 2423; x_wconf 86' lang='lat' dir='ltr'>scripturis</span> <span class='ocrx_word' id='word_1_291' title='bbox 1258 2379 1329 2412; x_wconf 85' lang='lat' dir='ltr'>suis</span> <span class='ocrx_word' id='word_1_292' title='bbox 1360 2379 1400 2412; x_wconf 88' lang='lat' dir='ltr'>de</span> <span class='ocrx_word' id='word_1_293' title='bbox 1426 2379 1488 2413; x_wconf 93' lang='lat' dir='ltr'>deo</span> <span class='ocrx_word' id='word_1_294' title='bbox 1513 2379 1683 2413; x_wconf 81' lang='lat' dir='ltr'>dixerunt.</span> 
     </span>
     <span class='ocr_line' id='line_1_34' title="bbox 139 2423 1684 2469; baseline -0.001 -9"><span class='ocrx_word' id='word_1_295' title='bbox 139 2425 292 2466; x_wconf 89' lang='lat' dir='ltr'>Quorum</span> <span class='ocrx_word' id='word_1_296' title='bbox 304 2424 399 2458; x_wconf 81' lang='lat' dir='ltr'>varia</span> <span class='ocrx_word' id='word_1_297' title='bbox 412 2428 545 2457; x_wconf 86' lang='lat' dir='ltr'>constat</span> <span class='ocrx_word' id='word_1_298' title='bbox 562 2423 687 2468; x_wconf 87' lang='lat' dir='ltr'>opinio,</span> <span class='ocrx_word' id='word_1_299' title='bbox 705 2423 785 2467; x_wconf 88' lang='lat' dir='ltr'>quid</span> <span class='ocrx_word' id='word_1_300' title='bbox 803 2423 886 2456; x_wconf 89' lang='lat' dir='ltr'>deus</span> <span class='ocrx_word' id='word_1_301' title='bbox 904 2428 994 2457; x_wconf 86' lang='lat' dir='ltr'>esset</span> <span class='ocrx_word' id='word_1_302' title='bbox 1010 2424 1092 2457; x_wconf 90' lang='lat' dir='ltr'>dum</span> <span class='ocrx_word' id='word_1_303' title='bbox 1106 2428 1317 2469; x_wconf 83' lang='lat' dir='ltr'>quaererent.</span> <span class='ocrx_word' id='word_1_304' title='bbox 1343 2424 1489 2464; x_wconf 87' lang='lat' dir='ltr'>Quidam</span> <span class='ocrx_word' id='word_1_305' title='bbox 1505 2425 1597 2458; x_wconf 88' lang='lat' dir='ltr'>enim</span> <span class='ocrx_word' id='word_1_306' title='bbox 1614 2436 1684 2458; x_wconf 85' lang='lat' dir='ltr'>cor-</span> 
     </span>
     <span class='ocr_line' id='line_1_35' title="bbox 138 2468 1684 2517; baseline -0.001 -12"><span class='ocrx_word' id='word_1_307' title='bbox 138 2482 243 2517; x_wconf 88' lang='lat' dir='ltr'>poreo</span> <span class='ocrx_word' id='word_1_308' title='bbox 260 2481 365 2504; x_wconf 86' lang='lat' dir='ltr'>sensu</span> <span class='ocrx_word' id='word_1_309' title='bbox 380 2468 471 2502; x_wconf 89' lang='lat' dir='ltr'>hunc</span> <span class='ocrx_word' id='word_1_310' title='bbox 496 2468 661 2502; x_wconf 89' lang='lat' dir='ltr'>mundum</span> <span class='ocrx_word' id='word_1_311' title='bbox 685 2469 853 2502; x_wconf 86' lang='lat' dir='ltr'>visibilem</span> <span class='ocrx_word' id='word_1_312' title='bbox 878 2480 920 2502; x_wconf 79' lang='lat' dir='ltr'>ex</span> <span class='ocrx_word' id='word_1_313' title='bbox 939 2474 1084 2513; x_wconf 87' lang='lat' dir='ltr'>quatuor</span> <span class='ocrx_word' id='word_1_314' title='bbox 1107 2470 1284 2503; x_wconf 85' lang='lat' dir='ltr'>elementis</span> <span class='ocrx_word' id='word_1_315' title='bbox 1302 2470 1404 2502; x_wconf 86' lang='lat' dir='ltr'>deum</span> <span class='ocrx_word' id='word_1_316' title='bbox 1421 2481 1496 2503; x_wconf 90' lang='lat' dir='ltr'>esse</span> <span class='ocrx_word' id='word_1_317' title='bbox 1514 2470 1684 2507; x_wconf 78' lang='lat' dir='ltr'>dixerunt,</span> 
     </span>
     <span class='ocr_line' id='line_1_36' title="bbox 139 2514 1685 2559; baseline -0.001 -9"><span class='ocrx_word' id='word_1_318' title='bbox 139 2521 177 2550; x_wconf 90' lang='lat' dir='ltr'>ut</span> <span class='ocrx_word' id='word_1_319' title='bbox 192 2516 380 2559; x_wconf 82' lang='lat' dir='ltr'>Dionysius</span> <span class='ocrx_word' id='word_1_320' title='bbox 397 2514 544 2548; x_wconf 83' lang='lat' dir='ltr'>Stoicus.</span> <span class='ocrx_word' id='word_1_321' title='bbox 572 2514 639 2546; x_wconf 88' lang='lat' dir='ltr'>Alii</span> <span class='ocrx_word' id='word_1_322' title='bbox 656 2525 734 2547; x_wconf 85' lang='lat' dir='ltr'>vero</span> <span class='ocrx_word' id='word_1_323' title='bbox 753 2514 974 2558; x_wconf 83' lang='lat' dir='ltr'>spiritualiter</span> <span class='ocrx_word' id='word_1_324' title='bbox 990 2516 1234 2548; x_wconf 82' lang='lat' dir='ltr'>intellexerunt</span> <span class='ocrx_word' id='word_1_325' title='bbox 1250 2519 1400 2548; x_wconf 84' lang='lat' dir='ltr'>mentem</span> <span class='ocrx_word' id='word_1_326' title='bbox 1419 2526 1493 2548; x_wconf 85' lang='lat' dir='ltr'>esse</span> <span class='ocrx_word' id='word_1_327' title='bbox 1510 2516 1621 2556; x_wconf 86' lang='lat' dir='ltr'>deum,</span> <span class='ocrx_word' id='word_1_328' title='bbox 1648 2522 1685 2549; x_wconf 80' lang='lat' dir='ltr'>ut</span> 
     </span>
     <span class='ocr_line' id='line_1_37' title="bbox 138 2558 1685 2604; baseline -0.001 -8"><span class='ocrx_word' id='word_1_329' title='bbox 138 2561 262 2596; x_wconf 85' lang='lat' dir='ltr'>Thales</span> <span class='ocrx_word' id='word_1_330' title='bbox 279 2561 445 2594; x_wconf 85' lang='lat' dir='ltr'>Milesius.</span> <span class='ocrx_word' id='word_1_331' title='bbox 481 2558 625 2599; x_wconf 85' lang='lat' dir='ltr'>Quidam</span> <span class='ocrx_word' id='word_1_332' title='bbox 643 2565 677 2592; x_wconf 89' lang='lat' dir='ltr'>et</span> <span class='ocrx_word' id='word_1_333' title='bbox 693 2560 849 2604; x_wconf 88' lang='lat' dir='ltr'>spiritum</span> <span class='ocrx_word' id='word_1_334' title='bbox 865 2565 899 2593; x_wconf 84' lang='lat' dir='ltr'>et</span> <span class='ocrx_word' id='word_1_335' title='bbox 914 2566 1075 2601; x_wconf 87' lang='lat' dir='ltr'>mentem,</span> <span class='ocrx_word' id='word_1_336' title='bbox 1101 2565 1137 2593; x_wconf 84' lang='lat' dir='ltr'>ut</span> <span class='ocrx_word' id='word_1_337' title='bbox 1153 2561 1261 2593; x_wconf 85' lang='lat' dir='ltr'>Maro.</span> <span class='ocrx_word' id='word_1_338' title='bbox 1301 2560 1350 2593; x_wconf 70' lang='lat'>19.</span> <span class='ocrx_word' id='word_1_339' title='bbox 1368 2559 1513 2600; x_wconf 86' lang='lat' dir='ltr'>Quidam</span> <span class='ocrx_word' id='word_1_340' title='bbox 1531 2561 1685 2594; x_wconf 89' lang='lat' dir='ltr'>animum</span> 
     </span>
     <span class='ocr_line' id='line_1_38' title="bbox 139 2605 1684 2651; baseline -0.001 -10"><span class='ocrx_word' id='word_1_341' title='bbox 139 2608 175 2641; x_wconf 88' lang='lat' dir='ltr'>in</span> <span class='ocrx_word' id='word_1_342' title='bbox 192 2607 352 2641; x_wconf 86' lang='lat' dir='ltr'>omnibus</span> <span class='ocrx_word' id='word_1_343' title='bbox 369 2609 566 2639; x_wconf 88' lang='lat' dir='ltr'>manantem</span> <span class='ocrx_word' id='word_1_344' title='bbox 583 2608 617 2637; x_wconf 84' lang='lat' dir='ltr'>et</span> <span class='ocrx_word' id='word_1_345' title='bbox 633 2605 793 2646; x_wconf 84' lang='lat' dir='ltr'>lucidum,</span> <span class='ocrx_word' id='word_1_346' title='bbox 811 2609 847 2638; x_wconf 90' lang='lat' dir='ltr'>ut</span> <span class='ocrx_word' id='word_1_347' title='bbox 861 2605 1094 2650; x_wconf 78' lang='lat' dir='ltr'>Pythagoras:</span> <span class='ocrx_word' id='word_1_348' title='bbox 1113 2605 1251 2649; x_wconf 86' lang='lat' dir='ltr'>quidam</span> <span class='ocrx_word' id='word_1_349' title='bbox 1264 2605 1365 2638; x_wconf 88' lang='lat' dir='ltr'>deum</span> <span class='ocrx_word' id='word_1_350' title='bbox 1382 2605 1455 2639; x_wconf 89' lang='lat' dir='ltr'>sine</span> <span class='ocrx_word' id='word_1_351' title='bbox 1468 2610 1619 2651; x_wconf 88' lang='lat' dir='ltr'>tempore</span> <span class='ocrx_word' id='word_1_352' title='bbox 1633 2607 1684 2639; x_wconf 89' lang='lat' dir='ltr'>in-</span> 
     </span>
     <span class='ocr_line' id='line_1_39' title="bbox 141 2649 1683 2694; baseline -0.003 -6"><span class='ocrx_word' id='word_1_353' title='bbox 141 2652 438 2690; x_wconf 86' lang='lat' dir='ltr'>commutabilem,</span> <span class='ocrx_word' id='word_1_354' title='bbox 462 2654 500 2683; x_wconf 89' lang='lat' dir='ltr'>ut</span> <span class='ocrx_word' id='word_1_355' title='bbox 521 2649 633 2683; x_wconf 85' lang='lat' dir='ltr'>Plato:</span> <span class='ocrx_word' id='word_1_356' title='bbox 659 2650 797 2694; x_wconf 79' lang='lat' dir='ltr'>quidam</span> <span class='ocrx_word' id='word_1_357' title='bbox 815 2650 915 2683; x_wconf 89' lang='lat' dir='ltr'>deum</span> <span class='ocrx_word' id='word_1_358' title='bbox 933 2655 1082 2685; x_wconf 84' lang='lat' dir='ltr'>mentem</span> <span class='ocrx_word' id='word_1_359' title='bbox 1100 2651 1260 2691; x_wconf 89' lang='lat' dir='ltr'>solutam,</span> <span class='ocrx_word' id='word_1_360' title='bbox 1280 2654 1315 2683; x_wconf 88' lang='lat' dir='ltr'>ut</span> <span class='ocrx_word' id='word_1_361' title='bbox 1333 2650 1460 2684; x_wconf 88' lang='lat' dir='ltr'>Cicero.</span> <span class='ocrx_word' id='word_1_362' title='bbox 1501 2651 1683 2684; x_wconf 78' lang='lat' dir='ltr'>Inventum</span> 
     </span>
     <span class='ocr_line' id='line_1_40' title="bbox 141 2695 1682 2741; baseline -0.002 -9"><span class='ocrx_word' id='word_1_363' title='bbox 141 2698 233 2732; x_wconf 83' lang='lat' dir='ltr'>enim</span> <span class='ocrx_word' id='word_1_364' title='bbox 249 2696 466 2731; x_wconf 89' lang='lat' dir='ltr'>solummodo</span> <span class='ocrx_word' id='word_1_365' title='bbox 485 2695 596 2735; x_wconf 84' lang='lat' dir='ltr'>deum,</span> <span class='ocrx_word' id='word_1_366' title='bbox 613 2706 683 2728; x_wconf 88' lang='lat' dir='ltr'>non</span> <span class='ocrx_word' id='word_1_367' title='bbox 700 2701 737 2728; x_wconf 88' lang='lat' dir='ltr'>ut</span> <span class='ocrx_word' id='word_1_368' title='bbox 753 2696 957 2729; x_wconf 86' lang='lat' dir='ltr'>invenerunt</span> <span class='ocrx_word' id='word_1_369' title='bbox 973 2699 1223 2741; x_wconf 85' lang='lat' dir='ltr'>exposuerunt,</span> <span class='ocrx_word' id='word_1_370' title='bbox 1249 2696 1330 2740; x_wconf 89' lang='lat' dir='ltr'>quia</span> <span class='ocrx_word' id='word_1_371' title='bbox 1347 2701 1557 2729; x_wconf 87' lang='lat' dir='ltr'>evanuerunt</span> <span class='ocrx_word' id='word_1_372' title='bbox 1575 2697 1610 2730; x_wconf 89' lang='lat' dir='ltr'>in</span> <span class='ocrx_word' id='word_1_373' title='bbox 1628 2708 1682 2729; x_wconf 91' lang='lat' dir='ltr'>co-</span> 
     </span>
    </p>

    <p class='ocr_par' dir='ltr' id='par_1_12' title="bbox 167 2740 1682 2823">
     <span class='ocr_line' id='line_1_41' title="bbox 169 2740 1682 2785; baseline -0.001 -8"><span class='ocrx_word' id='word_1_374' title='bbox 169 2743 366 2777; x_wconf 85' lang='lat' dir='ltr'>&#39;tationibus</span> <span class='ocrx_word' id='word_1_375' title='bbox 383 2742 466 2775; x_wconf 89' lang='lat' dir='ltr'>suis.</span> <span class='ocrx_word' id='word_1_376' title='bbox 502 2741 661 2774; x_wconf 85' lang='lat' dir='ltr'>Dicentes</span> <span class='ocrx_word' id='word_1_377' title='bbox 680 2741 770 2773; x_wconf 81' lang='lat' dir='ltr'>enim</span> <span class='ocrx_word' id='word_1_378' title='bbox 789 2751 863 2774; x_wconf 84' lang='lat' dir='ltr'>esse</span> <span class='ocrx_word' id='word_1_379' title='bbox 881 2741 1053 2785; x_wconf 85' lang='lat' dir='ltr'>sapientes</span> <span class='ocrx_word' id='word_1_380' title='bbox 1070 2741 1165 2774; x_wconf 89' lang='lat' dir='ltr'>stulti</span> <span class='ocrx_word' id='word_1_381' title='bbox 1183 2740 1263 2774; x_wconf 82' lang='lat' dir='ltr'>facti</span> <span class='ocrx_word' id='word_1_382' title='bbox 1281 2741 1393 2774; x_wconf 76' lang='lat' dir='ltr'>sunt.&#39;&#39;</span> <span class='ocrx_word' id='word_1_383' title='bbox 1475 2742 1505 2774; x_wconf 76' lang='lat'>2.</span> <span class='ocrx_word' id='word_1_384' title='bbox 1532 2742 1634 2785; x_wconf 68' lang='lat' dir='ltr'>Valyo</span> <span class='ocrx_word' id='word_1_385' title='bbox 1647 2743 1682 2776; x_wconf 92' lang='lat' dir='ltr'>in</span> 
     </span>
     <span class='ocr_line' id='line_1_42' title="bbox 167 2789 563 2823; baseline -0.01 0"><span class='ocrx_word' id='word_1_386' title='bbox 167 2789 339 2823; x_wconf 89' lang='lat' dir='ltr'>ominibus</span> <span class='ocrx_word' id='word_1_387' title='bbox 356 2791 563 2821; x_wconf 88' lang='lat' dir='ltr'>manentem.</span> 
     </span>
    </p>
   </div>
   <div class='ocr_carea' id='block_1_6' title="bbox 143 2842 1682 2980">
    <p class='ocr_par' dir='ltr' id='par_1_13' title="bbox 143 2842 1682 2980">
     <span class='ocr_line' id='line_1_43' title="bbox 188 2842 1682 2890; baseline -0.001 -11"><span class='ocrx_word' id='word_1_388' title='bbox 188 2844 270 2890; x_wconf 85' lang='lat' dir='ltr'>Cap.</span> <span class='ocrx_word' id='word_1_389' title='bbox 288 2844 396 2879; x_wconf 85' lang='lat' dir='ltr'>XVII.</span> <span class='ocrx_word' id='word_1_390' title='bbox 415 2864 458 2868; x_wconf 86' lang='lat'>——</span> <span class='ocrx_word' id='word_1_391' title='bbox 479 2843 505 2876; x_wconf 91' lang='lat' dir='ltr'>l.</span> <span class='ocrx_word' id='word_1_392' title='bbox 524 2842 641 2876; x_wconf 80' lang='lat' dir='ltr'>Isidor.</span> <span class='ocrx_word' id='word_1_393' title='bbox 660 2842 778 2887; x_wconf 66' lang='lat' dir='ltr'>Origg.</span> <span class='ocrx_word' id='word_1_394' title='bbox 798 2842 884 2883; x_wconf 77' lang='lat' dir='ltr'>VIII,</span> <span class='ocrx_word' id='word_1_395' title='bbox 903 2843 932 2884; x_wconf 74' lang='grc'>6,</span> <span class='ocrx_word' id='word_1_396' title='bbox 951 2843 1004 2877; x_wconf 72' lang='grc'>20.</span> <span class='ocrx_word' id='word_1_397' title='bbox 1033 2842 1138 2878; x_wconf 84' lang='lat' dir='ltr'>..Item</span> <span class='ocrx_word' id='word_1_398' title='bbox 1154 2843 1320 2876; x_wconf 82' lang='lat' dir='ltr'>Platonici</span> <span class='ocrx_word' id='word_1_399' title='bbox 1344 2843 1482 2888; x_wconf 91' lang='lat' dir='ltr'>quidem</span> <span class='ocrx_word' id='word_1_400' title='bbox 1506 2843 1608 2876; x_wconf 89' lang='lat' dir='ltr'>deum</span> <span class='ocrx_word' id='word_1_401' title='bbox 1625 2854 1682 2878; x_wconf 80' lang='lat' dir='ltr'>cu-</span> 
     </span>
     <span class='ocr_line' id='line_1_44' title="bbox 143 2887 1681 2933; baseline -0.002 -8"><span class='ocrx_word' id='word_1_402' title='bbox 143 2894 290 2925; x_wconf 85' lang='lat' dir='ltr'>ratorem</span> <span class='ocrx_word' id='word_1_403' title='bbox 307 2894 340 2924; x_wconf 87' lang='lat' dir='ltr'>et</span> <span class='ocrx_word' id='word_1_404' title='bbox 355 2890 521 2923; x_wconf 88' lang='lat' dir='ltr'>arbitrum</span> <span class='ocrx_word' id='word_1_405' title='bbox 539 2892 571 2921; x_wconf 89' lang='lat' dir='ltr'>et</span> <span class='ocrx_word' id='word_1_406' title='bbox 588 2887 732 2921; x_wconf 89' lang='lat' dir='ltr'>iudicem</span> <span class='ocrx_word' id='word_1_407' title='bbox 752 2892 919 2929; x_wconf 80' lang='lat' dir='ltr'>asserunt,</span> <span class='ocrx_word' id='word_1_408' title='bbox 937 2888 1095 2933; x_wconf 84' lang='lat' dir='ltr'>Epicurei</span> <span class='ocrx_word' id='word_1_409' title='bbox 1113 2889 1261 2922; x_wconf 87' lang='lat' dir='ltr'>otiosum</span> <span class='ocrx_word' id='word_1_410' title='bbox 1278 2894 1311 2922; x_wconf 90' lang='lat' dir='ltr'>et</span> <span class='ocrx_word' id='word_1_411' title='bbox 1327 2889 1599 2922; x_wconf 84' lang='lat' dir='ltr'>inexercitatum.</span> <span class='ocrx_word' id='word_1_412' title='bbox 1632 2890 1681 2923; x_wconf 80' lang='lat' dir='ltr'>De</span> 
     </span>
     <span class='ocr_line' id='line_1_45' title="bbox 143 2933 1680 2980; baseline -0.001 -9"><span class='ocrx_word' id='word_1_413' title='bbox 143 2935 272 2971; x_wconf 91' lang='lat' dir='ltr'>mundo</span> <span class='ocrx_word' id='word_1_414' title='bbox 289 2938 414 2978; x_wconf 84' lang='lat' dir='ltr'>autem,</span> <span class='ocrx_word' id='word_1_415' title='bbox 431 2934 598 2969; x_wconf 78' lang='lat' dir='ltr'>Platonici</span> <span class='ocrx_word' id='word_1_416' title='bbox 612 2933 785 2966; x_wconf 79' lang='lat' dir='ltr'>affirmant</span> <span class='ocrx_word' id='word_1_417' title='bbox 801 2934 1060 2979; x_wconf 89' lang='lat' dir='ltr'>incorporalem,</span> <span class='ocrx_word' id='word_1_418' title='bbox 1078 2934 1137 2967; x_wconf 86' lang='lat' dir='ltr'>sed</span> <span class='ocrx_word' id='word_1_419' title='bbox 1150 2934 1258 2968; x_wconf 84' lang='lat' dir='ltr'>Stoici</span> <span class='ocrx_word' id='word_1_420' title='bbox 1275 2935 1498 2980; x_wconf 86' lang='lat' dir='ltr'>corporalem,</span> <span class='ocrx_word' id='word_1_421' title='bbox 1515 2934 1680 2979; x_wconf 88' lang='lat' dir='ltr'>Epicurus</span> 
     </span>
    </p>
   </div>
   <div class='ocr_carea' id='block_1_7' title="bbox 145 2978 1189 3072">
    <p class='ocr_par' dir='ltr' id='par_1_14' title="bbox 145 2978 1189 3072">
     <span class='ocr_line' id='line_1_46' title="bbox 145 2978 1189 3025; baseline -0.002 -9"><span class='ocrx_word' id='word_1_422' title='bbox 145 2992 190 3016; x_wconf 86' lang='lat' dir='ltr'>ex</span> <span class='ocrx_word' id='word_1_423' title='bbox 206 2981 341 3022; x_wconf 85' lang='lat' dir='ltr'>atomis,</span> <span class='ocrx_word' id='word_1_424' title='bbox 357 2979 570 3025; x_wconf 82' lang='lat' dir='ltr'>Pythagoras</span> <span class='ocrx_word' id='word_1_425' title='bbox 588 2990 631 3011; x_wconf 87' lang='lat' dir='ltr'>ex</span> <span class='ocrx_word' id='word_1_426' title='bbox 649 2979 810 3019; x_wconf 83' lang='lat' dir='ltr'>numeris,</span> <span class='ocrx_word' id='word_1_427' title='bbox 828 2978 994 3013; x_wconf 87' lang='lat' dir='ltr'>Eraclitus</span> <span class='ocrx_word' id='word_1_428' title='bbox 1014 2990 1058 3013; x_wconf 87' lang='lat' dir='ltr'>ex</span> <span class='ocrx_word' id='word_1_429' title='bbox 1075 2979 1189 3024; x_wconf 83' lang='lat' dir='ltr'>igne.”</span> 
     </span>
     <span class='ocr_line' id='line_1_47' title="bbox 213 3024 810 3072; baseline -0.003 -11"><span class='ocrx_word' id='word_1_430' title='bbox 213 3025 294 3072; x_wconf 82' lang='lat' dir='ltr'>cap.</span> <span class='ocrx_word' id='word_1_431' title='bbox 313 3025 436 3061; x_wconf 87' lang='lat' dir='ltr'>XVIII.</span> <span class='ocrx_word' id='word_1_432' title='bbox 454 3046 496 3050; x_wconf 89' lang='lat'>—</span> <span class='ocrx_word' id='word_1_433' title='bbox 516 3025 543 3058; x_wconf 82' lang='lat'>1.</span> <span class='ocrx_word' id='word_1_434' title='bbox 561 3024 600 3058; x_wconf 87' lang='lat'>11.</span> <span class='ocrx_word' id='word_1_435' title='bbox 619 3024 702 3070; x_wconf 82' lang='lat' dir='ltr'>Reg.</span> <span class='ocrx_word' id='word_1_436' title='bbox 723 3024 761 3067; x_wconf 84' lang='lat'>11,</span> <span class='ocrx_word' id='word_1_437' title='bbox 779 3024 810 3060; x_wconf 74' lang='grc' dir='ltr'>ζ).</span> 
     </span>
    </p>
   </div>
   <div class='ocr_carea' id='block_1_8' title="bbox 1701 488 1846 521">
    <p class='ocr_par' dir='ltr' id='par_1_15' title="bbox 1701 488 1846 521">
     <span class='ocr_line' id='line_1_48' title="bbox 1701 488 1846 521; baseline -0.014 -7"><span class='ocrx_word' id='word_1_438' title='bbox 1701 488 1767 521; x_wconf 87' lang='lat' dir='ltr'>Cap.</span> <span class='ocrx_word' id='word_1_439' title='bbox 1788 488 1846 513; x_wconf 80' lang='lat' dir='ltr'>XV.</span> 
     </span>
    </p>
   </div>
   <div class='ocr_carea' id='block_1_9' title="bbox 1703 695 1861 727">
    <p class='ocr_par' dir='ltr' id='par_1_16' title="bbox 1703 695 1861 727">
     <span class='ocr_line' id='line_1_49' title="bbox 1703 695 1861 727; baseline -0.013 -7"><span class='ocrx_word' id='word_1_440' title='bbox 1703 695 1769 727; x_wconf 80' lang='lat' dir='ltr'>Cap.</span> <span class='ocrx_word' id='word_1_441' title='bbox 1789 695 1861 719; x_wconf 81' lang='lat' dir='ltr'>XVI.</span> 
     </span>
    </p>
   </div>
   <div class='ocr_carea' id='block_1_10' title="bbox 1704 1038 1877 1070">
    <p class='ocr_par' dir='ltr' id='par_1_17' title="bbox 1704 1038 1877 1070">
     <span class='ocr_line' id='line_1_50' title="bbox 1704 1038 1877 1070; baseline -0.012 -7"><span class='ocrx_word' id='word_1_442' title='bbox 1704 1038 1769 1070; x_wconf 83' lang='lat' dir='ltr'>Cap.</span> <span class='ocrx_word' id='word_1_443' title='bbox 1789 1038 1877 1062; x_wconf 83' lang='lat' dir='ltr'>XVII.</span> 
     </span>
    </p>
   </div>
   <div class='ocr_carea' id='block_1_11' title="bbox 1707 1381 1896 1414">
    <p class='ocr_par' dir='ltr' id='par_1_18' title="bbox 1707 1381 1896 1414">
     <span class='ocr_line' id='line_1_51' title="bbox 1707 1381 1896 1414; baseline 0 -8"><span class='ocrx_word' id='word_1_444' title='bbox 1707 1381 1772 1414; x_wconf 76' lang='lat' dir='ltr'>Cap.</span> <span class='ocrx_word' id='word_1_445' title='bbox 1792 1381 1896 1406; x_wconf 76' lang='lat' dir='ltr'>xvm.</span> 
     </span>
    </p>
   </div>
   <div class='ocr_carea' id='block_1_12' title="bbox 1708 1862 1864 1896">
    <p class='ocr_par' dir='ltr' id='par_1_19' title="bbox 1708 1862 1864 1896">
     <span class='ocr_line' id='line_1_52' title="bbox 1708 1862 1864 1896; baseline -0.013 -8"><span class='ocrx_word' id='word_1_446' title='bbox 1708 1862 1773 1896; x_wconf 82' lang='lat' dir='ltr'>Cap.</span> <span class='ocrx_word' id='word_1_447' title='bbox 1793 1863 1864 1888; x_wconf 80' lang='lat' dir='ltr'>XIX.</span> 
     </span>
    </p>
   </div>
  </div>
 </body>
</html>
