2052 3342
120 949 184 980 Cap.
204 949 326 973 X(.'Vlll.

1022 203 1218 229 PmLASTm

351 210 405 251 94

352 316 437 352 tere
466 313 571 362 eius,
599 311 749 349 factam
775 309 970 348 seminam
998 306 1377 348 ὅ(101110115116116111.
1436 305 1528 346 Non
1555 308 1620 346 est
1648 303 1886 357 ambiguum

353 384 395 420 ot
413 378 544 433 ⁹quod
567 378 703 418 anima
723 380 816 417 ante
840 377 947 416 sacta
967 376 1041 427 sit,
1071 388 1163 415 caro
1186 379 1324 415 autom
1346 377 1489 428 postea
1515 372 1738 428 plasmata,
1765 374 1807 411 et
1826 371 1885 412 sic

352 452 495 502 postca
516 446 784 500 inspiratione
806 444 944 485 infusa
967 444 1031 484 dei
1055 448 1095 483 et
1116 442 1313 498 spiritalis
1334 443 1377 482 in
1395 442 1474 482 fine
1493 441 1641 483 collata
1656 442 1710 481 sit
1726 438 1886 493 gratia¹‚

352 520 398 555 ut
419 517 511 555 siem
543 516 625 554 iam
657 527 785 568 capax
816 512 936 553 homo
968 511 1069 565 legis
1101 511 1290 552 ‹livinae¹¹
1326 524 1407 551 non
1438 505 1651 564 impotens
1670 523 1694 549 a
1722 508 1886 549 domino

352 587 661 624 monstraretur.
706 580 885 622 Evidcns
913 585 977 620 est
1003 581 1105 621 ratio
1128 580 1332 631 veritatis,
1361 577 1470 632 quod
1496 581 1537 617 et
1557 577 1702 618 beatus
1724 575 1889 617 dicebat

352 650 697 702 Dzwicl<¹‚s;1ctam
726 651 906 690 animam
933 649 1133 703 primum⁷
1164 649 1222 688 sic
1253 660 1399 701 corpus
1429 645 1697 700 plasmatum:
1731 644 1888 685 Manus

353 726 459 770 tuae,
486 719 672 772 ¹⁰inquit‚
695 717 1063 772 dominefecerunt
1084 724 1121 757 et
1137 717 1451 771 plasmaverunt
1469 729 1543 772 one.
1583 714 1643 755 Ac
1666 715 1725 754 sic
1746 716 1890 768 postea

352 788 477 828 fuisse
500 788 683 827 infusum
705 787 920 841 spiritumv
943 784 1168 826 declaravit
1189 784 1373 825 ‹lit-ensa:
1405 782 1463 824 Et
1487 783 1682 838 spiritum
1699 788 1890 823 sanctum

353 864 469 897 tuum
488 870 538 896 ne
559 856 731 910 auferas
753 871 777 895 a
799 869 872 895 me.

436 923 530 965 Alia
549 930 611 964 est
632 923 851 974 ham-esna,
873 936 975 976 quae
999 921 1099 963 dicit.
1120 922 1459 976 inspirationemb
1480 921 1661 961 animam
1682 931 1786 971 esse⁷
1805 930 1890 960 non

354 991 645 1047 ¹inspiratione
669 993 710 1032 111
733 993 934 1032 animamc
958 991 1096 1031 datam
1118 992 1265 1041 fuisse,
1292 988 1507 1042 “ignorans
1531 987 1640 1042 quod
1657 989 1692 1028 si
1712 987 1888 1041 inspira-

351 1063 408 1103 tio
431 1062 569 1101 anima.
589 1064 670 1111 est,
693 1058 894 1113 quomodo
922 1059 1116 1100 ³iudicari
1145 1057 1305 1113 potestd
1326 1057 1459 1112 “quod
1479 1071 1504 1097 a
1525 1056 1599 1097 deo
1623 1059 1686 1097 est
1705 1055 1891 1096 infusum

440 1143 470 1177 S.
489 1143 735 1177 demonstravit
753 1143 848 1187 (Ast).
884 1142 1027 1186 Valynta
1046 1143 1213 1175 verborum
1241 1143 1408 1175 distinctio
1433 1146 1480 1174 est
1500 1139 1798 1181 demonstraverit,
1821 1149 1890 1173 non

352 1195 402 1224 est
419 1190 623 1233 ambiguum
641 1196 713 1223 cett.
783 1188 813 1221 9.
832 1188 911 1232 quid
930 1188 957 1222 lt.

1031 1188 1080 1222 10.
1109 1188 1217 1232 inquit
1236 1200 1294 1220 om.
1313 1187 1357 1220 A.

441 1236 522 1279 Cap.
539 1234 690 1268 XCVIII.
710 1237 740 1265 [11
757 1235 830 1266 ahc.
850 1236 1041 1277 ins-criptmn
1058 1233 1157 1265 habet
1172 1233 1343 1266 ssfflnesns
1358 1244 1402 1265 ns
1417 1243 1524 1265 asnia
1539 1242 1683 1265 1101111515
1699 1241 1890 1265 insenum.

352 1300 394 1305 -
422 1281 449 1313 l.
468 1280 690 1325 inspiratione
711 1280 775 1311 Ba.
792 1279 1051 1324 inspirationem
1071 1280 1197 1321 reliqui.

915 1324 946 1357 4.
972 1323 1061 1368 quod
1079 1324 1141 1357 deo
1161 1323 1226 1357 Ba.

350 1326 498 1360 iudicare
517 1327 589 1359 abc.
608 1325 785 1359 diiudicari
802 1325 846 1358 A.

353 1399 425 1442 „mit
442 1397 577 1431 ἔπλασεν
602 1397 618 1431 ὁ
645 1397 713 1436 05ος
736 1397 790 1430 τὸν
814 1395 982 1442 ἄνθρωπον
1006 1400 1086 1441 γοῦν

352 1444 413 1477 ἀπὸ
432 1447 485 1487 τῆς
503 1444 592 1489 *siffis
610 1443 688 1477 hinc
704 1443 787 1477 illud
805 1443 857 1476 die
875 1437 1086 1487 septimo‘fa-

351 1496 442 1524 ctum
460 1491 524 1523 sibi
541 1490 723 1534 persuasit,
747 1500 825 1522 curn
849 1488 1085 1522 tantummodo

351 1538 393 1569 sit
411 1536 565 1581 repetitio
583 1541 616 1568 et
633 1535 816 1580 explicatio
835 1535 908 1568 eius
926 1534 1016 1578 quod
1034 1534 1086 1567 die

352 1587 449 1615 sexto
474 1582 603 1614 factum
627 1582 738 1614 fuerat
762 1586 795 1613 et
818 1580 932 1613 Moses
959 1580 1042 1614 Gen.
1060 1579 1084 1613 Ι.

352 1628 404 1662 27.
423 1628 569 1660 dixerat:
598 1626 670 1667 „mi
693 1625 821 1667 ἐποίησε
840 1623 855 1658 ὁ
875 1625 943 1663 06ος
961 1624 1014 1657 :bv
1034 1623 1087 1656 ἄν·

353 1672 513 1717 θρωπον.”
538 1672 701 1705 Similiter
716 1671 854 1715 probari
866 1671 984 1715 nequit
997 1670 1087 1714 quod

354 1718 476 1751 Genes.
493 1717 518 1750 I.
536 1717 588 1750 27.
612 1717 652 1750 de
675 1718 792 1750 anima
814 1717 887 1749 sola
903 1727 1014 1749 sermo
1033 1716 1087 1756 sit,

352 1769 389 1796 ut
411 1762 613 1796 Philastrius
636 1762 823 1795 contendit:
846 1772 927 1794 nani
952 1761 991 1794 de
1015 1765 1086 1794 toto

351 1808 490 1842 homine
506 1809 624 1852 utique
639 1807 900 1851 intelligendum
918 1807 1008 1851 quod
1027 1807 1088 1840 ibi-

353 1854 428 1887 dem
446 1854 614 1897 sequitur:
646 1855 813 1891 „Crescite
836 1859 866 1883 et
888 1854 1088 1896 multipliva-

352 1903 434 1931 mini
451 1906 481 1932 et
498 1900 626 1942 implete
644 1898 799 1932 terranis*
824 1897 997 1931 Philastrii
1014 1909 1088 1930 Sen-

351 1945 494 1978 tentiam
517 1944 556 1976 de
580 1943 695 1977 anima
717 1948 795 1976 ante
817 1954 941 1987 corpus
966 1948 1089 1984 creata,

353 2001 457 2034 quam
473 1990 509 2022 111
521 1988 648 2022 Ioanne
660 1988 971 2032 Hierosolymitano
986 1989 1090 2022 etiam

352 2034 567 2080 reprehendit
597 2034 827 2077 Hieronymus
866 2034 1010 2079 epistola
1047 2034 1089 2066 ad

352 2079 621 2120 Pammachium,
636 2078 834 2112 haeresibus
845 2080 1024 2124 adscripsit
1032 2079 1089 2113 Al-

353 2125 505 2171 phonsus
523 2125 563 2158 de
580 2124 699 2157 Castro
715 2124 772 2157 lib.
792 2124 822 2157 2.
839 2136 870 2169 p.
887 2124 941 2159 56.
989 2125 1065 2165 (F.)

405 2172 427 2204 l.
460 2170 621 2215 spiritalis
651 2170 686 2203 in
712 2170 781 2202 fine
812 2171 935 2203 collata
963 2170 1089 2214 gratia]

353 2216 416 2251 Per
432 2215 693 2260 inspirationem
715 2215 904 2258 gratiosam
927 2215 1089 2260 superad-

354 2262 423 2295 dita
433 2261 568 2294 animae
577 2264 609 2294 et
622 2260 746 2301 infusa,
765 2260 805 2294 de
815 2271 883 2305 qua
894 2261 984 2294 iufra
997 2272 1024 2294 c.
1035 2261 1088 2294 98.

355 2311 372 2349 (
373 2307 406 2341 F
405 2308 493 2349 abr.)

382 2365 429 2386 m.
454 2356 493 2386 ut
509 2352 571 2394 sic]
594 2351 687 2385 Male
710 2351 788 2385 edit.
813 2351 955 2385 Helmst.
981 2358 1016 2385 ut
1035 2354 1090 2387 sit.

354 2398 495 2441 (Fabr.)

383 2456 417 2478 n.
442 2444 512 2477 iam
529 2453 639 2488 capax
655 2441 757 2476 homo
771 2442 858 2486 Iegis
872 2442 1021 2486 divinae]
1037 2442 1091 2476 In-

355 2490 408 2524 fra
424 2487 560 2534 cap.9S.
581 2491 751 2532 „utpossit
765 2487 857 2521 homo
875 2500 988 2532 capax
1005 2490 1088 2532 leyis

357 2536 511 2568 caelestis
528 2533 697 2567 existeres
745 2533 818 2574 (F.)

400 2592 431 2614 ο.
455 2579 580 2621 David]
602 2578 690 2612 Psal.
706 2577 829 2611 CXIX.
840 2578 893 2612 73.
921 2578 1088 2623 ,αἱ-χεῖρες

356 2638 414 2658 σου
429 2622 579 2666 ἐποίησάν
594 2636 632 2668 με
645 2623 696 2656 καὶ
710 2621 852 2655 ἕπλασοίν
871 2624 940 2668 με.”
965 2617 1089 2657 Otiosa-

355 2672 425 2705 rius
443 2673 572 2715 quaest.
589 2668 642 2702 76.
669 2667 744 2711 ,,τὴν
762 2668 887 2710 ποίησιν
900 2667 950 2701 ἐπὶ
962 2671 1017 2711 τῆς
1032 2669 1088 2724 Qu-

356 2719 416 2761 γῆς
434 2728 488 2761 μοι
505 2715 592 2748 δοκεῖ
608 2714 762 2756 νοεῖσθαι,
780 2712 836 2756 τὴν
855 2713 889 2746 δὲ
905 2712 1021 2746 πλάσιν
1039 2713 1090 2746 επὶ

356 2757 411 2804 τῆς
428 2762 610 2806 σωματικῆς
624 2758 880 2796 πολυπλασίας.”
899 2760 1091 2799 „Faciendi

355 2808 489 2840 verbum
512 2808 552 2840 de
575 2808 690 2838 anima
711 2804 795 2837 mila·
815 2805 946 2837 videtur
967 2806 1090 2838 intelli-

354 2854 506 2896 9endum,
513 2852 729 2896 formationis
742 2855 850 2883 autem
863 2851 902 2883 de
913 2852 1091 2895 multiplici

349 2900 486 2941 fictione
501 2896 681 2942 corpori3.’'
726 2895 801 2936 (F.)

401 2954 434 2987 p.
458 2943 611 2977 infusum
625 2940 796 2986 spiritum]
822 2939 975 2974 Gratiam
992 2941 1091 2986 spiri-

357 2995 413 3021 tus
431 2989 556 3030 sancti,
570 2987 721 3021 infusam
736 2986 882 3028 animae,
900 2987 940 3020 de
958 2997 1025 3031 qua
1040 2987 1091 3020 in-

358 3033 412 3068 fra
435 3034 547 3078 capite
576 3033 746 3078 proximo.
784 3031 834 3067 De
864 3031 929 3066 hac
958 3035 1090 3067 veteres

1261 1278 1291 1312 2.
1309 1278 1508 1322 ignorantes
1527 1278 1571 1311 A.
1633 1276 1664 1311 3.
1688 1275 1831 1310 iudicari
1848 1275 1890 1310 Β.

1156 1397 1260 1477 61161131
1275 1397 1539 1475 iutelrpretantur
1555 1397 1712 1442 spiritum
1731 1395 1760 1430 1.
1772 1395 1890 1430 Thess.

1208 1500 1240 1539 q.
1265 1446 1397 1531 sugens}
1421 1487 1510 1522 Psal.
1527 1487 1580 1521 LI.
1601 1488 1652 1521 11.
1687 1485 1742 1529 „rb
1767 1488 1892 1532 πνεῦμα

1156 1533 1191 1566 t'o
1207 1533 1298 1577 ἂγιόν
1312 1546 1369 1566 σου
1384 1532 1427 1578 μὴ
1437 1531 1608 1578 ἀντανέλῃς
1618 1530 1671 1566 ἀπ’
1681 1531 1793 1578 ἐμοῢ.”

1202 1579 1283 1624 Cap.
1300 1578 1452 1613 XCVIII.
1465 1600 1508 1604 —
1521 1590 1552 1613 a.
1565 1579 1642 1612 Alia
1658 1582 1710 1612 est
1724 1577 1892 1620 haeresis]

1155 1625 1251 1659 Hanc
1269 1629 1303 1658 et
1318 1625 1495 1669 proximas
1513 1635 1621 1669 usque
1638 1624 1681 1657 ad
1697 1626 1801 1669 caput
1820 1622 1892 1656 113.

1156 1671 1370 1715 Augustinus
1388 1669 1702 1715 praetermittendas
1718 1669 1893 1703 existima-

1156 1716 1214 1749 vit.
1240 1716 1282 1749 Et
1298 1715 1416 1749 Sixtus
1431 1715 1593 1749 Senensis
1606 1715 1691 1749 libro
1705 1714 1823 1760 quinto
1836 1714 1893 1747 Bi·
1931 1728 1936 1731 ·

1157 1761 1346 1795 bliothecae
1355 1761 1501 1795 Sanctae
1518 1764 1632 1795 annot.
1646 1760 1699 1794 27.
1712 1771 1782 1794 non
1798 1759 1893 1793 dubi-

1157 1811 1207 1840 tat
1228 1811 1446 1851 praesentem
1468 1817 1544 1840 esse
1567 1817 1672 1840 unam
1696 1817 1741 1839 ex
1761 1805 1829 1839 illis
1852 1804 1893 1838 de

1159 1852 1281 1897 quibus
1295 1853 1385 1886 idem
1394 1852 1607 1897 Augustinus
1621 1852 1668 1885 ait
1675 1850 1894 1885 Philastrium

1158 1898 1284 1931 multas
1308 1898 1513 1931 assertiones
1537 1897 1625 1931 inter
1647 1896 1805 1930 haereses
1830 1907 1892 1929 nu-

1158 1954 1320 1984 merasse,
1338 1954 1425 1987 quae
1433 1942 1591 1976 haereses
1599 1953 1670 1976 non
1683 1946 1773 1976 sunt.
1797 1941 1894 1982 „Sal-

1161 2002 1201 2022 να
1212 1988 1393 2021 Philus-tria·
1407 1990 1604 2029 reverentia,
1618 1988 1730 2032 inquit
1741 1987 1894 2032 Alphon-

1159 2045 1216 2067 sus
1234 2033 1273 2067 de
1292 2033 1410 2067 Castro
1427 2034 1485 2067 lib.
1502 2032 1533 2067 2.
1550 2033 1711 2067 adversus
1726 2033 1893 2067 Haereses

1183 2108 1190 2114 .
1200 2079 1253 2113 55.
1264 2079 1306 2121 b.,
1324 2092 1387 2112 non
1399 2081 1493 2112 video
1507 2090 1566 2111 cur
1579 2078 1667 2112 Ιιαηο
1681 2081 1894 2112 assertionem

1183 2127 1310 2158 aeres-is
1326 2130 1404 2157 nota
1417 2126 1613 2168 siynaverit.
1637 2124 1751 2157 Primo
1764 2125 1895 2168 quidem

1158 2173 1288 2214 reperio
1310 2170 1408 2203 ‘hanc
1438 2181 1506 2203 esse
1534 2170 1723 2203 doctrinam
1744 2170 1895 2214 plurium

1157 2228 1232 2249 vere
1242 2215 1481 2249 catholicorum
1491 2216 1669 2255 doctorum,
1679 2217 1895 2248 asserentium

1156 2262 1363 2305 spiraculum
1386 2261 1472 2294 illud
1491 2261 1577 2304 quod
1599 2261 1678 2294 deus
1699 2262 1848 2305 spiravit
1858 2262 1895 2292 in

1149 2309 1281 2351 faciem
1304 2306 1459 2347 hominis,
1486 2317 1582 2349 quam
1605 2311 1682 2338 tunc
1704 2312 1765 2339 aut
1789 2307 1894 2350 insuf-

1149 2353 1271 2396 flando
1288 2354 1426 2392 creavit,
1444 2357 1504 2384 aut
1518 2352 1664 2384 creando
1688 2353 1826 2396 corpori
1843 2353 1894 2384 in-

1151 2398 1276 2442 fudit.”
1299 2397 1417 2442 Neque
1439 2400 1556 2429 tamen
1577 2396 1701 2430 desunt
1721 2396 1824 2430 multi
1836 2407 1894 2430 ve-

1160 2447 1271 2476 terum
1287 2443 1346 2487 qui
1362 2442 1569 2487 spiraculum
1583 2441 1685 2483 vitae,
1704 2442 1795 2486 quod
1810 2441 1892 2476 deus

1156 2489 1266 2532 primo
1312 2487 1444 2521 homini
1483 2485 1691 2528 insufflavit,
1735 2488 1895 2532 spiritum

1156 2538 1312 2567 sanctum
1329 2544 1407 2567 cum
1426 2532 1542 2566 anima
1562 2532 1595 2565 ei
1614 2532 1770 2566 infusum
1791 2533 1894 2566 inter-

1155 2583 1342 2623 pretantur.
1386 2578 1439 2612 Ita
1467 2577 1708 2621 Hieronymus,
1736 2577 1894 2623 Cyrinus,

1156 2624 1316 2666 Basilius,
1334 2623 1548 2657 Severianus.
1571 2622 1657 2656 Vide
1672 2622 1813 2658 Bullum
1827 2623 1894 2657 De-

1156 2669 1310 2703 fensione
1331 2669 1412 2702 fidei
1431 2668 1600 2702 Nicaenae
1621 2671 1702 2702 sect.
1724 2668 1755 2702 2.
1771 2679 1846 2714 cap.
1862 2668 1893 2702 9.

1159 2716 1188 2756 ξ,
1207 2714 1258 2747 21.
1276 2726 1308 2759 p.
1327 2714 1402 2747 211.
1432 2713 1562 2747 Petavii
1576 2713 1700 2757 Dogm.
1719 2713 1836 2748 Theol.
1852 2713 1894 2747 de

1158 2760 1323 2793 Trinitate
1340 2771 1372 2804 p.
1386 2758 1461 2792 824.
1478 2769 1549 2803 seq.
1566 2761 1601 2792 et
1616 2758 1657 2793 de
1671 2758 1814 2804 Opificio
1830 2770 1894 2794 sex

1156 2804 1287 2838 dierum
1302 2817 1335 2849 p.
1351 2804 1427 2838 314.
1473 2803 1548 2845 (F.)

1202 2851 1233 2883 b.
1257 2850 1530 2895 inspirationem]
1557 2848 1680 2883 Genes.
1695 2849 1737 2883 Π.
1755 2849 1786 2884 7.
1817 2849 1893 2892 (F.)

1202 2907 1229 2928 c.
1253 2895 1514 2941 inspirationem
1535 2894 1572 2928 in
1595 2895 1762 2938 animam]
1801 2895 1894 2931 Male

1156 2940 1300 2975 Helmst.
1316 2943 1546 2986 inspiratione.
1593 2940 1677 2981 (F.)

1203 2986 1234 3020 d.
1259 2986 1429 3031 quomodo
1445 2985 1594 3020 iudicare
1609 2986 1737 3030 potest]
1766 2985 1820 3020 Al.
1841 2988 1892 3020 in-

1159 3033 1287 3066 dicare.
1316 3031 1447 3067 Sensus
1462 3034 1524 3074 est,
1540 3031 1692 3066 animam
1705 3042 1777 3067 non
1790 3042 1893 3078 posse
