2100 3342
437 203 490 244 30
1100 201 1297 226 PHILASTRI

435 305 621 360 patremd
641 308 888 346 venerantur
909 308 949 344 et
970 317 1066 345 suae
1087 304 1327 345 haereseos0
1347 305 1626 345 institutorem
1644 304 1872 359 perniciose
1893 317 1964 345 ex-

435 373 602 424 tollunt,
624 372 843 425 multisque
862 386 954 412 eum
975 372 1187 413 ‘¹laudibus
1204 371 1431 427 praeferres
1457 373 1655 413 nituntur.
1688 372 1765 422 Qui
1782 372 1963 427 baptiza-

434 446 500 483 tus
522 456 545 482 a
567 442 695 482 beatis
717 439 938 494 apostolisg
959 442 1129 481 recessit
1146 455 1170 481 a
1187 440 1264 481 fide
1288 453 1448 491 eorum,
1470 439 1787 494 sceleratamque
1810 444 1851 480 et
1870 453 1963 495 per-

435 513 632 551 niciosam
654 509 842 549 haeresin
865 510 1102 561 seminavit,
1124 508 1264 549 dicens
1286 522 1328 549 se
1350 508 1684 549 transformatum
1705 509 1902 564 putative,
1922 508 1965 549 id

434 584 496 619 est
517 579 631 631 quasi
653 577 749 631 ⁵per
770 577 956 618 umbram
966 577 996 629 ¹¹,
1025 581 1066 618 et
1086 578 1142 618 ita
1163 590 1205 618 se
1227 590 1395 631 passum
1415 576 1556 629 fuisse,
1578 590 1670 617 cum
1690 590 1794 629 non,
1814 578 1964 630 inqu1t⁷

434 651 654 701 pateretur.
688 645 763 694 Qui
786 650 826 685 et
841 644 1017 686 audebat
1038 644 1171 685 dicere
1192 644 1405 697 mundum,
1427 643 1477 685 ab
1499 643 1654 698 angelis
1674 644 1868 698 factumi,
1889 658 1963 685 an—

432 715 543 767 gelos
565 719 702 754 autem
729 714 858 754 factos
879 728 903 753 a
924 712 1168 767 quibusdam
1189 712 1378 754 sensibus
1402 711 1450 753 de
1474 711 1585 753 caelo
1606 712 1845 767 praeditisk,
1873 725 1963 754 eos-

432 797 507 836 que
530 781 722 823 fefellisse
743 795 871 835 genus
891 781 1114 822 hominmn.
1150 780 1413 822 Intellectum
1429 785 1567 822 autem
1587 779 1792 834 quendam
1812 779 1956 821 alium¹

431 853 577 892 asserit
598 864 708 902 esse,
730 851 799 903 qui
815 849 1029 891 descendit
1050 851 1092 890 in
1112 849 1313 890 mundum
1329 849 1473 890 salutis
1491 862 1614 890 causa
1633 848 1858 902 hominum,
1879 849 1962 890 He-

431 919 566 959 lenam
585 918 718 971 illam,
746 919 939 971 inquitffl,
961 931 1063 972 quae
1085 919 1128 958 in
1157 918 1331 959 Troiano
1361 916 1468 958 bello
1491 931 1515 958 a
1542 918 1673 972 poetis
1700 918 1964 958 vanissimis¹¹

430 987 542 1028 edita
561 988 784 1027 nuntiatur.
814 985 866 1026 Et
884 987 1078 1039 virtutes,
1099 986 1270 1040 inquit0,
1291 998 1393 1040 quae
1409 984 1611 1026 mundum
1630 984 1835 1039 fecerant,
1863 999 1962 1027 con-

517 1060 548 1093 4.
573 1058 742 1104 praeferre
758 1058 915 1092 laudibus
933 1059 1106 1092 enituntur
1122 1059 1166 1092 A.
1190 1058 1221 1092 5.
1245 1069 1305 1103 per
1321 1070 1380 1091 om.
1399 1057 1506 1091 Babe.

429 1121 497 1160 02‘03
507 1120 688 1166 ἐνομίσθη.”
697 1121 739 1154 Et
748 1121 892 1165 Dialogo
902 1119 1163 1165 cumTryphone

427 1179 459 1212 p.
477 1167 553 1201 349.
583 1164 688 1208 ,εἶπον
706 1166 885 1198 πλανᾶσθαι
902 1166 975 1204 τοὺς
992 1165 1161 1211 Σαμαρέας

428 1212 631 1256 πειθομένους
654 1214 701 1256 τῷ
725 1210 755 1244 ἐν
778 1214 826 1244 τῶ
844 1211 924 1256 γένει
942 1211 1045 1244 ἀυτῶν
1064 1210 1161 1255 μάγῳ

428 1258 559 1302 Σίμωνι,
577 1256 612 1290 ὃν
632 1256 700 1289 (λέον
719 1247 864 1301 ὑπεράνω
879 1255 980 1298 πάσης
995 1256 1094 1301 ἀργῆς
1109 1256 1160 1288 καὶ

428 1302 569 1342 ἐξουσίας
583 1302 634 1335 καὶ
648 1301 808 1347 δυνάμεως
822 1298 898 1334 εἶναι
911 1297 1072 1347 λέγουσι.’”
1097 1302 1160 1335 Re-

427 1349 640 1393 cognitiones
655 1347 838 1381 Clementis
851 1347 891 1381 Π.
905 1348 935 1381 7.
962 1347 1090 1387 „Simon
1105 1347 1160 1380 lzic

421 1400 523 1439 patre
541 1395 694 1433 Antonio,
712 1399 817 1426 matre
828 1393 976 1426 Rae-hele
991 1399 1088 1425 natus
1101 1398 1156 1433 est,

424 1446 520 1483 yeme
546 1439 767 1479 samaraeus,
797 1451 836 1471 ex
862 1441 935 1472 vieo
967 1438 1156 1479 Gethcnum,

427 1491 501 1518 arte
516 1497 643 1528 mayn-s,
665 1485 808 1517 Graecis
825 1490 931 1516 tamen
945 1485 1064 1516 litteris
1079 1484 1157 1516 libe-

425 1531 555 1564 ralibus
583 1532 736 1574 adprime
764 1531 926 1570 eruditus,
955 1530 1086 1573 ylort'ae
1115 1541 1157 1562 ae

425 1579 613 1609 iactantiae
634 1588 740 1619 supra
762 1587 853 1608 omne
872 1587 975 1619 yellus
995 1575 1158 1608 hominum

427 1623 576 1666 cupidus,
592 1624 642 1654 ita
661 1626 695 1653 at
710 1621 873 1653 excelsam
892 1623 1057 1661 virtutem,
1075 1632 1158 1664 quae

425 1680 530 1711 supra
548 1673 731 1700 creatorem
754 1668 847 1699 deum
863 1669 922 1706 sit,
945 1667 1040 1699 credi
1054 1678 1088 1699 Se
1104 1678 1156 1699 ve-

426 1714 474 1753 lit,
498 1719 530 1746 et
547 1712 715 1745 Christum
731 1714 868 1756 putari,
892 1718 924 1744 et
939 1711 1087 1745 Stantem
1104 1724 1159 1744 no·

424 1758 580 1791 minaris
602 1757 762 1791 Irenaeus
778 1757 836 1790 lib.
857 1757 884 1790 l.
903 1768 930 1790 c.
948 1756 1019 1798 ⁸20„
1039 1757 1157 1797 „subli-

424 1806 604 1836 missimam
622 1805 788 1842 virtutem,
812 1802 873 1836 Ιιοο
897 1809 945 1835 est
959 1815 1027 1835 eum
1045 1805 1101 1846 qui
1115 1804 1160 1835 sit

423 1862 523 1893 saper
540 1851 649 1881 omnia
669 1854 784 1892 pater,
809 1854 840 1880 et
861 1849 1070 1892 quodcunque
1087 1859 1156 1881 eum

423 1901 546 1928 vocant
565 1893 737 1927 homiues.''
767 1893 995 1927 Tertullianus
1012 1904 1085 1938 cap.
1101 1893 1155 1926 46.

426 1939 514 1981 „Hic
537 1951 637 1973 ausus
658 1945 707 1972 est
725 1950 881 1972 summam
904 1951 938 1972 se
961 1941 1072 1972 dicere
1088 1941 1156 1972 vir-

423 1991 535 2026 tutem,
563 1986 602 2018 id
634 1990 681 2017 est
710 1995 864 2017 summum
893 1985 1016 2018 deum.”
1056 1984 1156 2029 Apud

422 2031 558 2065 Hieron.
578 2042 656 2074 „990
669 2042 737 2062 sum
750 2042 853 2062 sermo
867 2031 936 2071 dei,
960 2043 1017 2074 eqo
1030 2032 1155 2074 specio-

422 2088 487 2116 sus,
504 2088 561 2120 eqo
572 2076 781 2120 paracletus,
798 2087 856 2119 eqo
872 2078 1080 2120 omnipotens,
1097 2087 1156 2119 eqo

423 2124 533 2155 omnia
550 2121 633 2154 dei.’'
679 2120 754 2162 (F.)

473 2178 504 2211 d.
522 2177 772 2222 quasipatrem]
792 2175 1001 2222 Epiphanius
1013 2176 1109 2212 XXI.
1126 2177 1154 2210 1.

422 2223 464 2256 de
481 2223 636 2257 Simone:
667 2222 741 2264 ,τὸν
759 2223 881 2267 πατέρα
904 2222 937 2254 δὲ
953 2220 1060 2278 ἔλεγεν
1083 2221 1155 2255 ἑαυ-

422 2268 477 2301 τον
495 2271 560 2307 τοῖς
577 2267 798 2312 satrapam-‚3
817 2266 982 2306 Ἰουδαίοις
996 2268 1029 2301 δε
1045 2266 1154 2313 ἔλεγεν

422 2313 534 2347 ἑαυτὸν
551 2313 606 2346 τὸν
623 2313 720 2346 υιόν.”
768 2313 843 2354 (F.)

467 2382 495 2404 e.
513 2381 595 2404 suae
610 2368 805 2413 haereseos]
823 2369 985 2404 Diversae
1001 2370 1118 2416 utique
1136 2381 1157 2404 a

422 2416 715 2450 Samaritanorum
736 2414 869 2449 haeresi
895 2415 936 2449 de
964 2426 1032 2461 qua
1052 2426 1157 2461 supra

379 2478 382 2482 ·
421 2472 494 2507 cap.
510 2460 583 2495 VH.
630 2460 705 2502 (F.)

453 2518 477 2552 f.
494 2517 651 2552 laudibus
665 2516 848 2562 praeferre]
862 2516 914 2551 Al.
929 2519 1055 2561 efferre.
1081 2517 1153 2559 (F.)

449 2574 498 2642 {I
496 2574 517 2597 a
523 2563 632 2642 bgatis
641 2562 821 2640 {postoliffl
831 2561 1154 2608 S.Philippo.Actor.

434 2665 467 2699 h.
478 2664 814 2711 quasiperumbram]
825 2689 840 2704 ‚,
852 2663 1155 2697 Umbrat·iliter'’in-

420 2711 473 2744 fra
494 2722 522 2745 c.
539 2710 593 2744 31.
611 2713 645 2744 et
667 2712 785 2753 „quasi
802 2721 867 2753 per
891 2709 1041 2742 umbram
1052 2715 1153 2753 puta-

421 2757 503 2790 tit-6⁹
520 2767 593 2802 cap.
603 2755 656 2789 32.
669 2755 915 2789 Tertullianus:
934 2765 988 2794 „se
999 2754 1153 2798 inplean-

422 2808 562 2835 tasmate
578 2802 632 2835 dez·
648 2812 712 2834 non
721 2811 872 2844 passum,
887 2801 947 2833 sed
963 2802 1059 2843 quasi
1069 2811 1152 2843 pas-

419 2848 520 2882 sum.'’
547 2844 756 2892 Epiphanius
777 2844 875 2884 XXI.
900 2845 929 2878 1.
952 2844 1096 2877 παθόντα
1119 2843 1154 2877 δὲ

422 2891 465 2937 μὴ
479 2892 676 2935 πεπονθέναι,
689 2889 774 2923 ἀλλὰ
785 2890 920 2932 δοκῆσαι
933 2889 1063 2935 μόνον.”
1084 2890 1153 2923 Au-

421 2939 580 2982 gustinus
593 2937 634 2971 de
646 2936 786 2971 Simone
798 2946 827 2969 c.
842 2935 871 2968 1.
883 2935 1022 2969 Haeres.
1036 2961 1052 2975 „
1062 2935 1152 2968 Tem-

415 2995 500 3027 pore
529 2983 657 3017 Tiberii
682 2985 720 3015 in
733 2982 811 3026 filii
832 2992 982 3025 persona
999 2983 1153 3026 putative

422 3031 622 3074 apparuisse
641 3047 654 3055 -
671 3047 685 3055 ·
701 3027 869 3062 Christum
890 3032 999 3062 autem
1018 3038 1078 3060 nec
1099 3037 1152 3060 ve-

1231 1123 1316 1198 ηῗεε
1331 1133 1388 1154 nec
1399 1134 1420 1153 a
1430 1120 1569 1153 Iudaeis
1577 1119 1964 1165 quicquampertulisse.’‘

1230 1170 1247 1207 (
1272 1166 1369 1206 7abr.)

1274 1212 1296 1245 i.
1320 1211 1486 1244 mundum
1509 1211 1552 1244 ab
1572 1210 1722 1256 angelis]
1753 1210 1799 1245 Ut
1821 1211 1963 1257 angelos

1230 1256 1398 1291 aSimone
1410 1267 1471 1301 per
1490 1253 1620 1289 ἔννοιαν.
1639 1255 1759 1290 Simon
1778 1257 1868 1302 apud
1885 1257 1962 1302 Epi-

1228 1301 1393 1355 Phanium
1408 1301 1505 1336 XXI.
1523 1301 1553 1335 2.
1591 1299 1642 1344 »δί
1669 1297 1705 1344 ἧς
1722 1300 1871 1347 (ἐννοίας)
1888 1302 1962 1340 τοὺς

1229 1347 1388 1392 αγγέλους
1402 1345 1519 1391 ἕκτῑσα,
1535 1345 1563 1379 οἱ
1577 1345 1610 1379 δὲ
1624 1345 1756 1392 ἄγγελοι
1769 1346 1824 1379 τὸν
1838 1348 1899 1380 κόσ
1927 1360 1962 1380 ον

1226 1390 1350 1425 ἔκτισαν
1369 1391 1507 1434 καὶτοὺς
1522 1390 1740 1437 ἀνθρώπους.”
1762 1391 1891 1426 Eadem
1928 1403 1962 1426 a·

1224 1438 1283 1471 bet
1298 1437 1457 1471 Irenaeus
1474 1438 1532 1471 lib.
1553 1438 1580 1470 1.
1594 1448 1625 1471 c.
1641 1436 1693 1471 20.
1729 1436 1962 1472 Theodoretus

1224 1483 1283 1517 lib.
1313 1483 1340 1516 1.
1363 1483 1404 1516 de
1426 1483 1612 1516 Haereticis
1634 1482 1774 1516 Fabulis
1798 1494 1826 1517 c.
1851 1483 1880 1517 1.
1897 1487 1961 1518 etc.

1227 1528 1401 1572 [Ceterum
1424 1528 1465 1562 de
1482 1528 1632 1562 Simonis
1651 1528 1754 1562 rebus
1778 1533 1813 1563 et
1827 1527 1961 1563 haeresi

1226 1573 1426 1608 consulendi
1449 1574 1630 1619 scriptores
1653 1584 1739 1618 quos
1755 1573 1874 1608 laudat
1888 1573 1958 1608 Ioh.

1225 1620 1371 1655 Vocrtius
1403 1619 1522 1653 fascic.
1545 1618 1576 1653 3.
1609 1618 1699 1653 Bibl.
1726 1619 1959 1665 Haeresiolog.

1227 1677 1259 1710 p.
1277 1647 1353 1698 367.
1370 1676 1441 1709 seq.
1471 1663 1687 1699 Sabbathum
1710 1664 1860 1700 Simonis
1880 1669 1961 1711 post

1225 1710 1286 1746 XI.
1297 1710 1368 1744 dies
1383 1710 1642 1744 ClementinaII.
1655 1709 1709 1745 35.
1721 1721 1755 1755 p.
1764 1709 1855 1754 630.]
1883 1711 1959 1752 (F.)

1277 1755 1311 1790 k.
1336 1756 1494 1790 sensibus
1516 1756 1557 1789 de
1579 1756 1675 1789 caelo
1691 1755 1868 1800 praeditis]
1892 1756 1959 1791 Vo-

1224 1801 1289 1835 luit
1299 1800 1500 1835 Philastrius
1512 1801 1703 1846 exprimere
1716 1798 1835 1834 ἕννοιαν
1848 1801 1959 1835 Simo-

1224 1848 1276 1882 nis
1295 1847 1335 1880 de
1353 1858 1421 1892 qua
1433 1846 1562 1892 apudE
1587 1845 1702 1891 iphan.
1714 1846 1789 1880 loco
1802 1846 1958 1881 laudato:

1226 1893 1296 1935 γ,’ίνα
1304 1891 1394 1925 λάθω
1411 1891 1466 1930 τὰς
1483 1857 1653 1936 ἀγγελικάς
1670 1903 1732 1936 μου
1750 1889 1894 1937 δυνάμεις
1907 1891 1960 1925 καὶ

1224 1937 1373 1970 κατέλθω
1408 1936 1459 1970 ἐπὶ
1499 1936 1556 1980 τὴν
1586 1934 1722 1980 ἔννοιαν,
1757 1936 1825 1979 ἥτις
1876 1935 1959 1970 ἐστὶν

1224 1983 1304 2025 αὔτη
1332 1982 1352 2025 ἣ
1380 1983 1432 2016 καὶ
1454 1983 1622 2029 πῇούνικος
1645 1981 1697 2015 καὶ
1720 1985 1845 2028 πνεῦμα
1868 1981 1958 2027 ἅγιον

1224 2028 1405 2073 καλουμένη
1424 2028 1462 2061 δι’
1485 2030 1522 2071 ἠς
1544 2026 1618 2066 τοὺς
1640 2024 1798 2072 ἀγγέλους
1819 2025 1959 2062 ἕκτισα.”

1222 2074 1286 2108 Pro
1296 2075 1467 2119 praeditis
1481 2073 1600 2107 malim
1607 2074 1766 2118 proditis.
1813 2073 1888 2116 (F.)

1266 2120 1289 2153 l.
1313 2119 1530 2153 Intellectum
1546 2118 1718 2163 quendam
1734 2118 1855 2162 alium]
1885 2118 1957 2154 lmo

1223 2164 1378 2199 eundem.
1402 2164 1490 2199 Nam
1502 2163 1592 2209 apud
1603 2162 1842 2208 Epiphanium,
1859 2165 1958 2198 cuius

1222 2211 1376 2255 vestigiis
1392 2210 1549 2243 insistere
1563 2207 1762 2254 Philastrius
1774 2209 1892 2262 utique
1908 2210 1957 2244 vi-

1223 2256 1337 2298 detur,
1371 2256 1564 2289 intellectus
1586 2258 1620 2288 et
1640 2252 1660 2296 ἥ
1684 2254 1814 2299 δύναμις
1837 2254 1957 2288 ανωθεν

1226 2303 1392 2345 κατιοῦσα,
1412 2304 1516 2346 atque
1534 2299 1554 2343 ἡ
1574 2297 1677 2332 ἔννοια
1689 2299 1840 2334 Simonis
1858 2300 1956 2334 item-

1224 2357 1289 2391 que
1303 2346 1436 2381 Helena
1449 2357 1558 2380 unum
1571 2344 1730 2389 idemque
1743 2349 1833 2379 sunt.
1855 2345 1957 2390 Apud

1223 2391 1474 2426 Theodoretum
1489 2395 1605 2425 tamen
1621 2401 1666 2424 ex
1674 2390 1825 2424 Simonis
1840 2394 1956 2426 mente

1223 2437 1495 2482 distinguuntur:
1531 2436 1559 2481 1)
1580 2435 1664 2474 Νοῦς
1691 2435 1763 2470 sive
1796 2434 1954 2480 Ἐπίνοια,

1224 2483 1254 2527 2)
1271 2481 1373 2525 Φωνὴ
1402 2482 1453 2515 καὶ
1475 2479 1624 2525 ’Έννοια,
1657 2479 1688 2525 3)
1710 2480 1874 2527 Λογισμὸς
1902 2481 1956 2521 καὶ

1222 2526 1424 2573 Ἔνθύμησις.
1472 2526 1547 2569 (F.)

1266 2585 1312 2607 m.
1343 2573 1508 2620 Helenam
1521 2572 1628 2612 illam,
1649 2570 1775 2616 inquit]
1805 2571 1953 2618 Epipha-

1221 2619 1315 2653 nius:
1349 2621 1446 2661 »εἶναι
1465 2616 1500 2650 δὲ
1518 2614 1633 2658 τάυτην
1657 2615 1712 2658 τὴν
1740 2615 1873 2660 Ἑλένην
1895 2616 1952 2660 τὴν

1222 2662 1333 2704 πάλαι,
1342 2663 1381 2696 δι’
1395 2663 1433 2705 ἢν
1448 2661 1477 2696 οἱ
1490 2662 1597 2707 Τρῶες
1606 2660 1659 2694 καὶ
1667 2658 1825 2704 ’Έλληνες
1839 2660 1879 2701 εἰς
1893 2661 1952 2707 μά-

1221 2721 1283 2754 χην
1300 2705 1432 2751 ἧλθον.”
1457 2708 1521 2751 [De
1535 2706 1599 2740 hac
1610 2706 1742 2740 Helena
1751 2717 1784 2741 v.
1797 2706 1952 2742 Clemen-

1219 2755 1292 2788 tina
1303 2753 1344 2787 H.
1361 2753 1404 2787 23
1417 2758 1452 2788 et
1463 2752 1515 2787 25.
1526 2764 1560 2797 p.
1573 2750 1663 2794 627]
1698 2752 1774 2794 (F.)

1264 2811 1298 2833 n.
1329 2799 1440 2845 poetis
1455 2796 1665 2839 vanissimis]
1691 2796 1786 2831 Idem
1806 2797 1904 2832 XXI.
1919 2797 1951 2832 3.

1223 2844 1324 2886 »αὕτη
1348 2842 1409 2890 γάρ
1426 2842 1508 2877 ἐστιν
1523 2841 1543 2886 ἡ
1559 2839 1691 2875 ’Έννοια
1701 2840 1722 2885 ἡ
1734 2841 1799 2888 παῤ
1812 2841 1951 2889 Ὁμήρῳ

1221 2888 1334 2932 Ἑλένη
1359 2887 1570 2935 καλουμένη.”
1616 2887 1692 2929 (F.)

1281 2946 1311 2969 0.
1339 2934 1383 2969 Et
1404 2935 1563 2975 virtutes,
1586 2932 1712 2978 inquit]
1748 2932 1844 2967 Idem
1870 2932 1950 2978 Epi-

1219 2980 1366 3025 phanius
1394 2979 1492 3015 XXI.
1519 2979 1551 3013 2.
1572 2988 1653 3024 pag.
1669 2977 1724 3011 57.
1756 2977 1838 3021 ,καὶ
1874 2977 1950 3017 τοὺς

1221 3024 1337 3065 αὐτοὺς
1370 3024 1528 3071 ἀγγέλους
1565 3023 1607 3063 εἰς
1644 3022 1789 3069 πόλεμον
1821 3022 1861 3058 δι’
1892 3022 1950 3057 αὖ·
