2052 3374
729 237 778 262 DE
797 236 873 262 HAE
878 235 1031 262 RESIBUS
1050 235 1170 260 LIBER.

1658 233 1707 274 61

256 342 357 384 Post
367 341 451 397 lhos
471 346 568 382 sunt
579 341 775 382 haeretici
798 342 867 395 qui
879 339 1137 394 evangelium
1154 337 1283 379 Ῑκκτά
1304 335 1502 382 Ἰωάνν·ην”
1522 339 1562 377 et
1580 334 1708 392 2Ap0-

174 409 374 466 calypsim
402 411 532 465 ipsius
564 423 646 451 non
675 411 903 465 accipiunt,
933 414 973 450 et
1000 409 1118 450 3cum
1147 422 1229 450 non
1256 405 1489 459 intelligunt
1514 406 1711 446 virtutem

173 480 414 534 scripturae,
433 478 532 519 4nec
555 478 794 519 desiderant
814 478 987 530 discere,
1009 479 1051 518 in
1073 477 1235 518 haeresi
1264 478 1505 531 permanent
1530 487 1709 529 pereun-

172 552 256 601 tes,
275 551 323 588 ut
351 549 474 589 etiam
500 547 685 588 Corinthi
711 546 821 588 illius
841 546 1065 587 haereticib
1097 559 1186 586 esse
1213 545 1392 586 audeant
1418 544 1548 586 dicere
1578 543 1709 598 5Apo-

174 615 375 672 calypsim
390 615 544 671 ⁶ipsius
562 615 706 656 itidem
715 621 744 668 ⁰,
764 629 847 656 non
864 614 975 655 beati
992 614 1157 656 Ioannis
1175 613 1447 668 evangelistae
1465 617 1506 654 et
1521 610 1711 667 apostoli,

173 685 245 727 sed
267 684 451 726 Cerinthi
481 684 697 736 haeretici,
728 683 820 738 ⁷qui
851 687 950 724 tunc
981 682 1031 723 ab
1063 682 1260 737 apostolis
1292 681 1447 723 beatisd
1478 681 1710 723 haereticus

171 753 462 796 manifestatus
484 753 668 794 abiectus
690 756 753 793 est
774 752 824 793 ab
847 751 1033 793 ecclesia.

255 821 487 864 Manichaei
507 826 602 877 post
620 822 695 863 hos
718 821 767 862 de
790 820 983 862 ¹Pe1·sida
1005 834 1028 861 a
1043 820 1163 862 Mane
1186 820 1372 872 homine,
1393 821 1476 860 sive
1494 819 1712 860 Turbone²¹

171 893 231 934 ita
252 891 376 944 dicto,
398 894 676 944 surrexerunt,
698 890 880 932 fomenta
902 889 952 931 de
973 889 1058 930 illis
1079 887 1348 944 ‘·'perniciosis
1370 892 1578 929 sumentes
1600 889 1710 943 prio-

174 961 332 1014 ribusb,
361 962 431 1015 qui
459 959 559 1001 duos
590 958 718 1012 deos,'
737 973 867 1000 unum
896 958 1051 1001 bonum
1079 961 1120 998 et
1147 971 1275 998 unum
1305 956 1459 998 malum
1479 970 1569 998 esse
1591 956 1711 998 adse-

173 1034 332 1082 rentes,
361 1033 403 1069 et
428 1042 611 1084 pugnam
637 1030 745 1069 inter
768 1028 891 1070 deum
913 1032 954 1068 et
975 1027 1211 1069 dominumc
1233 1040 1322 1068 esse
1344 1025 1651 1081 praedicantes,
1674 1030 1714 1066 et

173 1097 354 1140 hominis
376 1097 542 1152 quidem
563 1098 746 1139 animam
767 1096 817 1138 de
840 1096 915 1138 deo
938 1109 1029 1138 esse
1050 1097 1212 1151 proprie
1234 1099 1447 1150 putantes,
1469 1108 1618 1150 corpus
1640 1107 1712 1134 au-

173 1171 259 1210 tem
279 1182 304 1208 a
324 1166 485 1209 diabolo
503 1166 658 1209 factum
685 1166 954 1215 arbitrantur3
986 1165 1326 1207 resurrectionem
1348 1168 1544 1217 negantes
1553 1162 1586 1217 ¹¹,
1606 1162 1713 1204 iudi-

265 1303 346 1349 Cap.
363 1302 437 1337 LX.
462 1306 497 1337 in
520 1303 592 1337 abc.
616 1306 814 1348 inscriptum
840 1309 887 1336 est
907 1303 1081 1337 HAnnnsrs
1110 1312 1333 1336 misenum
1358 1312 1493 1335 marus
1518 1312 1559 1334 Er
1584 1310 1715 1335 APOCA-

176 1360 298 1384 LYPsm
316 1361 423 1384 rpsrvs
440 1359 626 1384 Rssrrcmxs.
646 1370 688 1374 -—
727 1349 754 1384 1.
773 1348 855 1381 κατὰ
872 1346 1022 1391 Ἰωάννην
1042 1348 1084 1381 Β.
1101 1347 1290 1382 secundum
1306 1347 1466 1381 Ioannem
1483 1348 1613 1391 reliqui.
1684 1346 1714 1381 2.

176 1395 407 1441 Apocalypsin
423 1395 519 1439 (A)b.
581 1394 613 1429 3.
631 1406 709 1429 cum
726 1408 786 1429 om.
805 1395 850 1439 (A
862 1395 900 1435 lb.
963 1394 993 1429 4.
1011 1405 1081 1428 non
1099 1394 1194 1438 (AV).
1256 1393 1287 1426 5.
1305 1397 1339 1427 et
1352 1393 1593 1438 Apocalypsim
1608 1392 1715 1426 Babc.

178 1441 209 1476 6.
225 1441 236 1474 i
261 1441 332 1475 sius
348 1441 466 1475 itidem
483 1442 527 1474 A.
550 1441 668 1475 itidem
690 1442 820 1485 reliqui.
837 1440 964 1474 ibidem
990 1440 1170 1474 C'otelerz⁷zts
1191 1439 1334 1473 Menum.
1352 1438 1445 1474 Eccl.
1466 1440 1526 1474 Gr.
1544 1445 1616 1473 tom.
1635 1439 1665 1474 I.
1678 1451 1715 1483 p.

182 1453 262 1522 ΠΣ.
329 1487 361 1522 7.
378 1487 438 1532 qui
452 1491 534 1521 tunc
551 1487 668 1531 (Ajbc.
685 1491 767 1520 tunc
786 1486 851 1520 Ba.

268 1543 348 1590 Cap.
361 1543 451 1578 LXI.
467 1547 501 1577 z'n
518 1543 623 1577 Babe.
641 1547 836 1588 inscriptum
851 1543 951 1577 habet
965 1544 1182 1578 MASICHAEI.
1197 1562 1239 1567 —
1255 1543 1282 1576 l.
1299 1541 1434 1577 Persida
1451 1542 1493 1578 B.
1510 1541 1646 1577 Perside
1663 1553 1715 1575 re-

180 1589 270 1634 liqui.
340 1589 371 1625 2.
387 1589 584 1636 pernitiosis
610 1590 654 1624 A.
670 1589 857 1635 pernitiosa
874 1591 1003 1634 reliqui.

224 1726 258 1761 g.
290 1716 326 1749 in
350 1716 469 1761 spiritu
493 1715 621 1749 domini
653 1716 913 1761 sempiternum]

180 1761 238 1795 Sic
249 1772 294 1795 ex
305 1762 480 1803 memoria,
492 1767 530 1796 ut
543 1762 640 1802 solet,
656 1762 759 1795 verba
772 1762 915 1807 scriptu·

179 1817 237 1841 rae
251 1807 378 1852 allegat
387 1806 599 1842 Philastrius.
624 1807 713 1841 Nam
730 1808 820 1853 apud
828 1808 915 1842 Pau-

179 1853 253 1887 lum
269 1856 322 1887 est
336 1852 424 1898 χαρὰ
440 1851 471 1886 ἐν
489 1853 643 1897 πνεύματι
660 1852 753 1898 ἁγίῳ.
802 1854 877 1895 (F.)

225 1898 307 1944 Cap.
362 1899 408 1933 X.
439 1918 482 1923 —
521 1909 551 1933 a.
584 1899 803 1944 evangelium
833 1897 915 1932 κατὰ

179 1942 345 1988 Ἰωάννην]
377 1944 504 1989 Alogos
535 1944 599 1978 hoc
626 1945 765 1979 nomine
802 1945 915 1990 arguit

178 1989 391 2036 Epiphanius
408 1994 442 2024 et
456 1990 708 2032 Damascenus,
731 2001 816 2035 quos
838 1991 915 2025 vide

179 2034 313 2070 haeresi
327 2035 382 2071 51.
415 2035 639 2081 Evangelium
668 2035 828 2070 Iohannis
865 2047 915 2071 re-

180 2081 334 2116 iecerunt
363 2081 522 2123 Ebionei,
540 2081 768 2123 Cerinthiani‚
793 2081 915 2116 Cerdo-

179 2127 275 2161 niani
304 2130 338 2161 et
360 2126 554 2161 Theodotus
577 2127 790 2171 Byzantinus
815 2132 849 2161 at
874 2139 916 2162 ue

179 2173 344 2208 Marcion.
389 2172 704 2214 Quartadeeimanis
728 2174 831 2207 etiam
877 2185 916 2207 oc

179 2218 328 2252 tn'buere
349 2218 484 2252 videtur
504 2218 700 2252 Theodorus
723 2218 917 2253 Scutariota

179 2264 215 2298 in
232 2263 360 2298 scholio
377 2264 420 2298 ad
439 2264 594 2298 Nicetam
610 2264 656 2298 IV
658 2292 665 2299 .
682 2264 735 2299 22.
752 2264 917 2299 Thesauri

181 2308 504 2352 OrthodoxaeFidei‚
536 2310 603 2344 uod
612 2310 652 2344 de
661 2310 818 2345 omnibus
827 2315 917 2346 certe

180 2366 300 2390 verum
315 2367 385 2390 non
401 2360 464 2391 est.
500 2359 517 2398 (
551 2360 575 2397 .)

226 2401 260 2436 b.
284 2400 436 2435 Cerinthi
452 2402 544 2436 illius
561 2401 736 2445 haeretici]
761 2401 916 2448 Evange-

181 2447 266 2481 lium
277 2446 439 2481 Iohannis
457 2448 515 2493 qui
532 2447 574 2481 ad
588 2446 785 2481 Cerinthum
802 2453 917 2483 aucto-

181 2503 254 2526 rem
269 2493 436 2535 retulerit,
457 2494 571 2527 nullus
588 2493 727 2527 omnino
750 2493 831 2535 fuit,
853 2495 916 2528 ita-

183 2548 248 2583 que
264 2538 307 2572 ad
319 2539 429 2572 solam
441 2539 672 2592 Apocalypsin
684 2537 767 2572 haec
780 2540 916 2574 restrin-

182 2583 295 2628 genda
310 2583 482 2618 Philastrii
496 2585 617 2625 verba,
637 2594 739 2629 quam
757 2583 915 2619 Cerintho

182 2629 376 2663 tribuerunt
390 2630 492 2675 Alogi
507 2634 593 2664 teste
609 2628 800 2674 Epiphanio
816 2630 868 2665 LI.
883 2631 914 2666 3.

182 2679 217 2708 et
244 2675 303 2709 alii
329 2676 487 2710 nonnulli
511 2676 551 2710 de
580 2676 702 2720 quibus
730 2675 915 2720 Dionysius

181 2720 281 2756 Alex.
304 2721 395 2766 apud
415 2721 602 2755 Eusebium
623 2720 694 2755 VII.
712 2720 766 2759 25,
788 2721 914 2758 Histor.

182 2766 294 2807 Quam
320 2777 401 2800 vero
427 2768 545 2812 procul
576 2777 597 2799 a
624 2766 915 2802 verisimilitudine

181 2815 314 2846 remota
328 2812 374 2846 sit
388 2811 472 2847 haec
487 2813 666 2853 sententia,
683 2811 772 2845 idem
788 2811 914 2858 Diony-

182 2857 254 2891 sius
270 2861 373 2902 atque
388 2857 451 2904 Epi
476 2857 599 2892 hanius
616 2857 747 2891 docent.
794 2858 869 2900 (F.)

227 2913 256 2938 c.
279 2903 412 2946 itidem]

182 2959 215 2993 p.
232 2947 308 2983 775.
324 2949 456 2984 ibidem.

472 2904 630 2962 otelerius
650 2903 678 2937 1.
700 2902 912 2939 Monument.

228 2993 259 3029 d.
283 2994 327 3028 ab
349 2949 660 3040 apostoligbhgatis]
685 2993 798 3040 Supra
813 3005 842 3030 c.
859 2995 912 3031 36.

183 3038 324 3081 (Fabr.)

228 3084 473 3131 cap.LX1.-
504 3096 534 3123 a.
559 3085 732 3130 Turbone]
762 3086 915 3122 Vocabu-

984 1715 1055 1749 lum
1072 1715 1188 1747 Manis
1203 1714 1335 1749 Persica
1343 1716 1461 1761 lingua
1474 1719 1592 1750 notare
1607 1715 1715 1749 homi-

983 1772 1062 1795 nem
1090 1761 1211 1806 lingua
1230 1762 1478 1795 contentiosum
1508 1760 1663 1807 ὁμιλητὴν
1684 1765 1717 1794 et

985 1805 1063 1851 πρὸς
1078 1804 1212 1845 διάλεξιν
1227 1807 1425 1851 δραστήριον,
1438 1811 1560 1841 notant
1570 1806 1717 1851 Cyrinus

982 1853 1148 1887 Hierosol.
1172 1851 1345 1886 Catechesi
1365 1853 1419 1888 VI.
1448 1853 1498 1888 13.
1522 1857 1555 1887 et
1574 1852 1717 1888 Photius

982 1899 1040 1933 lib.
1062 1899 1089 1933 1.
1118 1902 1236 1932 contra
1252 1898 1484 1940 Manichaeos,
1506 1900 1587 1933 licet
1610 1899 1717 1944 signi-

982 1943 1153 1978 ficationis
1176 1944 1268 1978 illius
1285 1945 1465 1990 vestigium
1480 1944 1581 1979 hodie
1602 1945 1638 1978 in
1654 1945 1717 1978 lin-

984 2000 1054 2034 gua
1075 1989 1211 2023 Persica
1233 1994 1367 2024 exstare
1389 1996 1492 2036 neget
1513 1990 1597 2025 Tho.
1620 1990 1718 2035 Hyde

983 2036 1020 2069 in
1041 2035 1191 2069 Historia
1213 2036 1401 2081 Religionis
1422 2041 1577 2071 veterum
1598 2036 1717 2070 Persa-

983 2092 1060 2115 rum
1075 2092 1108 2126 p.
1132 2081 1208 2116 284.
1243 2081 1296 2115 Ex
1323 2082 1504 2127 Augustini
1532 2093 1560 2117 c.
1588 2082 1643 2117 46.
1678 2082 1719 2115 de

983 2126 1115 2162 haeres.
1133 2127 1325 2172 suspicetur
1341 2128 1460 2173 aliquis
1483 2139 1545 2174 pro
1568 2128 1720 2161 Turbone

983 2172 1169 2217 legendum
1199 2173 1335 2214 Urbim,
1364 2174 1452 2218 quod
1478 2185 1605 2208 nomen
1628 2173 1719 2219 apud

985 2219 1070 2253 alios
1101 2223 1152 2252 est
1177 2219 1339 2252 C'ubricus
1359 2220 1411 2254 vel
1435 2219 1612 2255 Curbitius.
1651 2219 1720 2253 Sed

984 2265 1072 2298 bene
1089 2275 1125 2298 se
1141 2264 1246 2299 habet
1260 2265 1361 2299 lectio
1376 2265 1531 2310 vulgata,
1552 2276 1633 2300 nam
1653 2265 1720 2299 fuit

985 2320 1068 2344 sane
1084 2310 1198 2345 Turbo
1217 2310 1355 2356 quidam
1370 2311 1516 2345 Manetis
1533 2311 1720 2356 discipulus

987 2355 1135 2401 Τύρβων,
1160 2356 1257 2390 cuius
1281 2357 1437 2391 meminit
1452 2357 1663 2403 Epiphanius
1679 2357 1718 2391 T.

990 2402 1059 2447 l.p.
1070 2401 1146 2436 623.
1157 2402 1232 2437 642.
1257 2402 1333 2444 (F.)

1031 2448 1063 2482 b.
1096 2447 1136 2481 de
1164 2448 1231 2481 illis
1260 2448 1446 2493 prioribus]
1481 2448 1525 2483 L't
1546 2448 1719 2483 Valentini

985 2492 1105 2527 schola
1126 2498 1160 2527 et
1175 2494 1376 2535 Marcionis,
1405 2494 1446 2528 de
1471 2495 1591 2540 quibus
1616 2504 1719 2539 supra

986 2549 1014 2574 c.
1032 2538 1086 2573 38.
1104 2542 1137 2572 et
1152 2538 1207 2574 45.
1255 2539 1330 2581 (F.)

1023 2595 1052 2619 c.
1066 2584 1154 2618 inter
1163 2584 1265 2619 deum
1275 2589 1307 2619 et
1317 2585 1506 2629 dominum]
1520 2586 1609 2620 Inter
1619 2585 1718 2618 deum

985 2630 1114 2664 bonum
1138 2634 1173 2664 et
1195 2631 1283 2665 inter
1307 2631 1500 2673 dominum,
1523 2632 1580 2676 qui
1607 2632 1719 2675 legem

983 2687 1044 2721 per
1060 2676 1206 2721 Moysen
1229 2676 1322 2710 dedit
1344 2681 1378 2711 et
1399 2677 1437 2711 in
1458 2677 1619 2712 Hebraeis
1642 2686 1718 2721 pro-

984 2720 1096 2766 phetis
1113 2722 1247 2756 locutus
1265 2727 1328 2764 est,
1343 2721 1435 2756 hunc
1452 2723 1543 2757 enim
1558 2733 1627 2756 non
1643 2731 1719 2754 esse

984 2777 1103 2800 verum
1119 2767 1238 2810 deum,
1254 2768 1314 2802 sed
1331 2779 1439 2802 unum
1451 2778 1494 2802 ex
1509 2767 1719 2813 principibus

983 2813 1219 2855 tenebrarum,
1239 2813 1362 2848 Manes
1385 2812 1659 2859 blasphemabat,
1682 2816 1720 2845 ut

985 2862 1119 2892 constat
1129 2869 1172 2893 ex
1181 2859 1387 2905 Augustino,
1400 2858 1590 2904 Epiphanio
1598 2857 1718 2892 LXVI.

984 2902 1038 2938 31.
1056 2904 1211 2950 aliisque.
1259 2905 1335 2947 (F.)

1737 345 1801 377 Cap.
1821 345 1878 370 Lx.

1737 826 1803 857 Cap.
1823 824 1894 849 [Χῖ.

1029 2949 1060 2983 d.
1084 2949 1380 2986 Resurrectionem
1401 2950 1582 2994 negantes]
1607 2949 1719 2983 Etiam
1758 2970 1762 2979 ι

983 2994 1019 3027 in
1035 2993 1100 3028 hoc
1116 2996 1289 3030 Valentini
1304 2996 1458 3040 vestigiis
1471 2996 1609 3030 Manem
1624 2995 1718 3029 insti-

983 3040 1068 3073 tisse
1095 3040 1240 3075 Rufinus
1266 3042 1302 3076 in
1330 3041 1477 3086 symboli
1506 3041 1719 3087 expositione

985 3089 1136 3121 annotat.
1183 3087 1259 3128 (F.)
