2052 3342
370 179 452 221 400

438 278 519 322 Gap.
537 276 761 311 LXXXVIII.
781 297 823 301 —
852 276 1041 321 Imaginem
1059 277 1092 310 in
1111 277 1326 319 aeternitate]
1361 277 1540 310 Caesarius
1554 277 1741 312 Arelatens.
1757 277 1905 323 episcop.

370 323 485 357 homil.
502 323 579 356 XII.
620 322 662 354 In
687 324 801 355 anima
825 328 855 354 et
877 328 978 355 mente
992 323 1040 355 ad
1056 324 1232 364 imayinem
1249 323 1304 355 dei
1341 325 1414 355 acti
1428 334 1553 364 sumus,
1577 325 1753 357 secundum
1770 334 1907 357 carnem

372 382 447 402 vero
465 370 504 400 <le
521 369 596 400 limo
615 369 882 410 tert-aesormati
897 379 1015 400 sumus.
1045 366 1234 400 Eucherius
1251 367 1285 400 in
1305 367 1454 400 henesin
1471 368 1528 401 lib.
1546 367 1570 401 I.
1587 379 1660 414 cap.
1677 368 1766 403 VIII.
1797 368 1840 402 In
1855 370 1905 401 in-

373 417 491 446 terim-e
509 412 635 444 homine
652 418 699 444 est
713 414 894 445 conditoris
909 415 961 445 sul
974 416 1093 455 imaqo,
1112 415 1221 455 imaqo
1234 415 1267 445 in
1282 415 1490 452 aeternitate,
1506 414 1684 448 similitudo
1700 417 1735 447 in
1751 413 1905 447 moribus.

370 457 586 492 Bernhardus
610 468 710 491 serm.
733 457 757 490 1.
781 457 820 490 de
838 458 1032 491 annunciat.
1050 457 1088 491 B.
1106 458 1234 491 Mariae
1258 458 1315 491 fol.
1339 457 1409 491 125.
1448 457 1628 492 Dmandus
1645 463 1788 492 sentent.
1806 459 1864 492 lib.
1880 458 1905 491 I.

372 504 518 536 distinct.
537 502 568 536 3.
588 503 778 547 quaestion.
795 502 819 536 Ι.
868 502 1076 536 Claudianus
1101 503 1258 536 Mamerti
1281 503 1431 547 episcop.
1450 502 1490 536 de
1515 506 1607 536 statu
1623 505 1756 538 animae
1772 504 1831 538 lib.
1848 502 1905 538 III.

370 549 426 582 fol.
446 548 520 581 7215.
560 548 763 582 Damascen.
788 548 827 581 de
850 547 916 581 fide
941 547 1117 582 orthodox.
1135 548 1192 581 lib.
1209 547 1249 581 11.
1273 559 1344 592 cap.
1362 547 1439 582 XII.
1478 546 1680 584 Theodoret.
1703 549 1739 583 in
1758 548 1906 584 Genesin

372 597 502 637 quaest.
524 593 604 627 XX.
641 592 804 626 Athanas.
822 593 861 626 de
879 594 1053 627 communi
1071 598 1195 627 essent.
1213 593 1331 638 patris,
1348 593 1409 626 filii
1426 596 1459 626 et
1475 605 1490 626 s
1517 593 1613 626 iritus
1630 595 1739 628 sancti
1754 594 1812 629 fol.
1829 592 1905 628 393.

370 639 552 683 Angustin.
570 638 609 671 de
634 637 757 673 Genes.
777 643 894 672 contra
911 638 1130 672 Manichaeos
1148 639 1203 672 lib.
1222 639 1246 672 I.
1263 649 1336 683 cap.
1353 638 1460 673 XVII.
1511 638 1645 672 *austus
1670 639 1710 673 de
1731 639 1837 674 libero
1855 649 1906 672 ar-

370 685 470 718 bitrio
488 685 542 718 lib.
560 684 600 717 lI.
625 694 698 728 cap.
715 684 785 719 VII.
824 685 1023 719 Ambrosius
1041 684 1080 719 de
1098 684 1264 729 dignitate
1282 683 1484 718 conditionis
1500 683 1671 718 humanae
1687 695 1759 730 cap.
1775 683 1816 719 11.
