2052 3374
762 131 877 158 unm
894 131 1040 158 ramus.
1595 128 1674 170 251

129 240 230 283 lutis
259 239 440 289 adferre3
474 250 552 280 nec
581 250 832 292 quemquam
860 250 1003 278 eorum
1031 250 1133 290 quos
1162 235 1377 290 decipiunt
1402 232 1675 289 baptizandos

130 311 290 365 putant.
333 307 546 349 Orationes
568 307 725 347 faciunt
741 305 797 368 ad
819 305 948 347 solem
970 319 1043 360 per
1064 304 1194 357 diem,
1224 317 1386 357 quaqua
1405 316 1573 344 versum
1595 303 1675 342 cir-

131 378 237 419 cuit:
258 376 311 417 ad
329 375 471 417 lunam
491 389 564 430 per
584 379 771 427 noctem,
800 376 835 415 si
857 378 1047 429 apparet3
1077 375 1111 413 51
1133 377 1272 413 autem
1293 386 1378 413 non
1405 373 1596 427 apparet,
1624 369 1676 412 ad

130 444 382 500 aquiloniam
402 447 581 499 partem,
614 457 695 498 qua
715 443 776 484 sol
798 457 892 483 cum
914 442 1113 483 occiderit
1135 441 1187 482 ad
1220 443 1423 482 orientem
1443 440 1674 480 revertitur.

130 513 253 555 Stant
272 517 450 555 orantes.
481 513 751 553 Peccatorum
772 515 910 551 autem
932 511 1132 563 originem
1153 524 1237 550 non
1259 509 1389 550 libero
1412 509 1581 550 arbitrio
1602 522 1675 549 vo-

129 581 317 635 luntatis,
338 581 412 623 sed
433 581 689 623 substantiae
710 580 901 620 tribuunt
921 579 1056 631 gentis
1078 578 1297 630 adversae,
1327 591 1451 631 quam
1473 577 1676 630 dogmati-

130 653 226 692 zant
246 663 337 691 esse
357 650 594 691 hominibus
614 650 801 690 mixtam.
855 646 1031 688 Omnem
1058 660 1155 687 vero
1187 660 1354 687 carnem
1375 660 1459 687 non
1481 645 1675 686 divinita-

129 720 198 772 tis,
219 718 294 759 sed
313 718 446 759 malae
467 719 619 759 mentis
641 717 841 758 adserunt
861 729 952 756 esse
975 715 1208 770 opificium,
1239 729 1341 769 quae
1371 716 1576 756 contrario
1600 714 1675 755 deo

131 790 350 829 coaeterna
377 791 451 828 est.
502 785 719 827 Carnalem
747 784 1151 839 concupiscentiam,
1187 797 1268 837 qua
1296 797 1388 824 caro
1419 784 1678 837 concupiscit

129 854 328 897 adversus
351 856 561 910 spiritum,
590 854 868 896 substantiam
893 852 1040 894 volunt
1061 865 1152 893 esse
1176 853 1445 904 contrariam,
1475 853 1533 892 sic
1555 851 1676 892 nobis

130 923 446 976 adhaerentem,
467 927 513 964 ut
533 922 697 977 quando
719 921 945 963 liberamur
965 925 1089 974 atque
1111 934 1357 975 purgamur,
1384 921 1536 961 iterum
1556 934 1675 974 repa-

129 995 264 1045 retur,
291 995 332 1032 et
352 993 396 1033 in
416 1006 490 1033 sua
509 996 656 1032 natura
677 992 803 1031 etiam
823 992 915 1045 ipsa
935 988 1226 1030 immortaliter
1252 990 1378 1029 vivat.
1429 989 1477 1029 In
1498 1002 1578 1029 uno
1600 989 1675 1030 ho-

128 1061 242 1102 mine
263 1060 366 1101 duas
388 1060 530 1101 dicunt
550 1061 710 1100 animas
732 1072 845 1111 esse,
875 1063 916 1099 et
938 1058 1039 1099 duas
1060 1062 1244 1109 mentes,
1274 1070 1426 1111 easque
1454 1070 1527 1111 per
1554 1060 1675 1098 natu-

129 1142 219 1170 ram
240 1130 482 1181 contrarias,
501 1129 632 1170 bonas
655 1132 696 1169 et
715 1127 861 1180 malas,
883 1140 1034 1180 easque
1058 1126 1203 1167 dicunt
1223 1127 1331 1166 inter
1348 1140 1391 1166 50
1408 1125 1559 1166 habere
1578 1140 1676 1166 con-

129 1197 300 1239 flictum.
348 1196 482 1239 Finito
509 1201 647 1238 autem
674 1198 754 1238 isto
783 1196 972 1248 saeculo,
1003 1199 1097 1250 post
1125 1194 1491 1248 conflagrationem
1517 1194 1677 1246 mundi,

128 1267 253 1307 istam
273 1265 548 1307 substantiam
568 1265 667 1307 mali
694 1267 738 1306 in
767 1264 885 1318 globo
917 1264 1095 1318 quodam
1117 1264 1261 1305 dicunt
1280 1268 1494 1317 tamquam
1521 1264 1565 1303 in
1587 1277 1675 1303 car-

130 1348 223 1376 cere
245 1347 336 1376 esse
356 1336 570 1376 victuram.
603 1334 676 1375 Cui
697 1333 816 1388 globo
839 1333 1061 1374 adfirmant
1081 1345 1345 1373 accessurum
1363 1336 1403 1372 et
1421 1345 1586 1386 semper
1602 1331 1675 1373 ad-

129 1402 354 1445 haesurum
373 1403 516 1457 ⁹quasi
543 1404 844 1458 coopertorium
875 1407 996 1456 atque
1024 1403 1247 1442 tectorium
1275 1415 1325 1441 ex
1353 1401 1571 1442 animabus
1600 1415 1674 1442 na-

129 1476 222 1514 tura
243 1471 411 1526 quidem
430 1473 564 1525 bonis,
586 1472 659 1513 sed
680 1476 820 1513 tamen
843 1484 946 1525 quae
969 1484 1052 1511 11011
1074 1471 1283 1526 potuerint
1305 1484 1328 1510 a
1349 1473 1520 1511 naturae
1541 1469 1675 1511 malae

130 1542 372 1595 contagione
393 1541 596 1582 mundari.

215 1609 557 1664 Quadragesimus
586 1611 787 1664 septimus
815 1608 1047 1649 haereticus
1078 1608 1255 1649 Hieraca
1285 1607 1518 1649 Hieracitas
1554 1608 1674 1648 insti-

128 1679 219 1721 tuit.
260 1678 314 1720 Hi
335 1680 678 1720 resurrectionem
699 1679 834 1719 carnis
856 1681 1022 1730 negant.
1074 1676 1318 1718 lMonachos
1340 1680 1504 1717 tantum
1525 1680 1565 1717 et
1585 1691 1674 1717 mo-

128 1745 299 1800 nachas,
321 1751 363 1788 et
379 1761 446 1789 005
465 1749 533 1802 qui
551 1748 739 1800 coniugia
752 1760 833 1787 non
851 1745 1020 1798 habent,
1042 1746 1086 1786 in
1104 1746 1437 1786 communionem
1453 1747 1673 1800 recipiunt.

127 1815 195 1857 Ad
214 1829 386 1869 regnum
407 1815 613 1858 caelorum
633 1829 716 1856 non
738 1816 943 1869 pertinere
964 1814 1157 1870 parvulos
1181 1814 1338 1865 dicunt,
1362 1815 1458 1867 quia
1473 1828 1557 1855 non
1579 1818 1676 1855 sunt

129 1884 188 1925 eis
207 1885 356 1925 merita
375 1884 459 1926 ulla
475 1885 712 1926 certaminis
730 1897 808 1937 quo
825 1883 928 1924 vitia
945 1887 1204 1938 superantur.
1237 1882 1389 1923 Contra
1404 1882 1513 1923 1111110
1532 1896 1673 1924 511500-

127 1953 191 2008 pit
215 1957 384 1994 sanctus
404 1953 678 2009 Aphrodisius
706 1951 965 2007 Hellesponti
993 1954 1234 2007 episCOPUS,
1266 1952 1462 1993 adserens
1490 1965 1673 1993 resurre-

130 2022 311 2063 ctionem
332 2023 466 2063 carnis
488 2027 528 2062 et
549 2035 653 2062 novo
676 2026 716 2061 et
736 2021 866 2061 veteri
886 2025 1136 2062 testamento
1161 2034 1251 2061 esse
1274 2021 1493 2061 firmatam.
1531 2021 1673 2061 Insan-

127 2094 192 2132 tes
212 2094 352 2131 autem
372 2092 454 2131 iam
474 2090 663 2131 homines
687 2103 795 2130 055οε
819 2094 861 2129 01
881 2091 989 2130 510111
1015 2091 1050 2130 51
1072 2090 1164 2143 quis
1195 2103 1263 2130 eos
1291 2089 1472 2142 occidat,
1499 2089 1672 2131 homici-

129 2158 204 2200 dae
227 2160 403 2214 suscipit
423 2161 598 2211 crimen,
621 2159 678 2199 sic
703 2159 773 2211 qui
794 2171 862 2199 eos
885 2158 1134 2213 baptismate
1157 2159 1483 2210 consecraverit,
1511 2173 1672 2200 merce-

130 2227 226 2269 dem
253 2228 333 2269 sibi
362 2227 411 2268 de
434 2227 612 2269 hominis
634 2225 765 2267 salute
783 2226 974 2280 adquirit.
1027 2227 1369 2268 Communionem
1390 2226 1493 2267 nulli
1515 2241 1671 2281 negan-

130 2294 226 2337 dam
245 2297 325 2337 nisi
354 2295 418 2337 his
448 2296 514 2350 qui
546 2296 848 2350 praetermissis
879 2295 1121 2349 coniugibus
1148 2297 1325 2351 propriis
1355 2295 1511 2337 alienas
1533 2297 1671 2351 requi-

128 2368 237 2407 runt.

213 2432 534 2487 Quadragesima
556 2437 699 2474 octava
717 2432 899 2473 haeresis
916 2436 980 2473 est
995 2432 1325 2485 Meletianorum,
1347 2447 1371 2473 a
1386 2433 1551 2474 Meletio
1570 2447 1671 2487 quo-

129 2501 236 2544 dam.
259 2501 465 2543 ·Nolentes
477 2515 591 2542 orare
605 2515 697 2542 cum
710 2501 773 2541 his
787 2502 909 2555 quiin
926 2503 1214 2556 persecutione
1228 2501 1477 2553 ceciderant,
1491 2501 1673 2542 schisma

127 2570 328 2612 fecerunt.
379 2570 535 2620 Quibus
565 2570 716 2609 restitit
744 2574 910 2611 sanctus
932 2570 1109 2611 Basilius
1132 2571 1351 2624 episcopus
1374 2570 1672 2624 Cappadociae,

130 2638 273 2680 dicens
293 2639 489 2680 maiorem
512 2639 601 2693 spei
623 2642 661 2678 et
684 2637 780 2678 fidei
798 2640 1026 2692 caritatem,
1048 2651 1151 2692 quae
1175 2639 1312 2678 omnia
1333 2637 1499 2690 tolerat,
1521 2643 1561 2678 et
1582 2653 1670 2678 ma-

127 2720 229 2749 num
248 2706 377 2762 lapsis
398 2708 528 2760 magis
549 2706 851 2761 porrigendam.
901 2707 1098 2749 Hortatur
1115 2707 1238 2746 etiam
1261 2706 1530 2760 desperantes
1552 2719 1670 2747 recu-

127 2776 340 2831 peratione
357 2774 640 2831 provocandos
658 2779 701 2815 ut
720 2774 908 2830 redeant3
927 2777 961 2816 si
980 2775 1146 2829 quidem
1163 2776 1286 2815 etiam
1305 2774 1484 2828 ¹angelis
1498 2775 1539 2815 in
1558 2774 1669 2817 caelo

195 2899 227 2933 9.
244 2902 278 2933 et
318 2899 394 2933 uasi
410 2898 506 2932 MSS.
525 2899 613 2941 Any.
631 2898 740 2938 Rem„
763 2905 794 2932 et
809 2901 883 2934 edd.
899 2899 1001 2933 Sirm.
1024 2899 1114 2933 Gall.
1136 2898 1186 2942 Cf.
1203 2899 1423 2943 Auyustz'nus.

195 2943 278 2990 Gap.
358 2944 430 2978 VH.
447 2965 490 2970 —
510 2945 537 2978 1.
553 2943 743 2978 Monachos
760 2949 875 2979 autem
892 2949 1026 2979 tantum
1043 2943 1115 2978 MS.
1133 2945 1222 2988 Any.

196 2988 276 3035 Gap.
293 2989 446 3024 XLVIII.
465 3010 506 3015 —-
528 2990 555 3023 1.
572 2989 654 3023 Luc.
671 2989 747 3030 XV,
768 2990 818 3023 10.

1702 1634 1767 1666 Cap.
1787 1635 1899 1659 XLVII.

1700 2445 1765 2478 Cap.
1786 2446 1913 2471 xnvm.
