2052 3374
654 202 704 228 DE
723 201 958 228 HAERESIBUS
976 201 1098 228 LIBER.

1572 201 1647 243 131

100 310 282 361 mundiss,
304 314 342 349 et
359 321 445 348 non
462 308 691 349 «secundum
711 307 938 357 Chi-istunu
960 308 1158 362 quonlam
1176 308 1222 347 in
1236 308 1327 361 ipso
1345 303 1507 346 habitat
1521 307 1651 347 omnis

99 377 311 433 plenitudo
328 376 558 416 divinitatis
584 376 870 431 corporaliter.
918 375 1021 428 Ergo
1051 377 1243 428 ignorant
1271 374 1379 428 quod
1400 373 1543 416 ί3201113
1570 375 1651 414 ista

101 445 189 498 XII,
210 458 313 499 quae
335 443 386 485 ab
409 443 492 484 illis
515 443 720 497 dicuntur,
749 444 911 485 diversa
932 448 1029 484 sunt
1051 443 1231 495 climata,
1253 443 1521 497 diversaeque
1543 444 1649 496 regi-

101 526 198 554 ones
218 514 262 553 in
284 512 381 553 orbe
402 516 606 553 terrarum
627 527 651 552 a
672 511 746 553 deo
770 512 994 566 dispositae
1015 516 1061 552 ut
1081 512 1364 552 inhabitentur
1385 511 1650 566 locorumque

100 594 147 622 ac
168 585 403 635 temporum
432 579 597 621 diversa
617 584 944 635 temperamenta
965 584 1120 620 statuta
1137 582 1234 632 sint,
1256 584 1302 620 ut
1323 580 1515 633 calidum,
1537 581 1650 633 frigi-

100 648 218 701 dum,
239 650 396 689 siccum
417 653 458 689 et
478 648 694 689 humidum
714 647 758 689 3e
781 652 955 702 quatuor
975 648 1136 702 angulis
1158 648 1287 690 seculi
1297 649 1328 700 ¹¹,
1350 663 1370 688 e
1389 650 1538 703 quibus
1558 663 1651 690 cum

98 716 226 758 veluti
242 716 355 772 pleni
373 717 570 771 qualitate
587 716 723 758 fontes
745 716 972 757 exuberant
992 717 1104 769 flatu„
1126 719 1378 771 respirantes
1406 718 1450 758 in
1470 719 1651 758 invicem

98 787 250 827 virtute
271 786 401 826 nimia
422 787 547 826 insita
574 787 736 840 proprie
758 786 1039 838 mixtioneque
1062 786 1266 826 existente
1289 784 1464 838 salubri,
1486 800 1651 828 rursum

100 867 195 895 cum
225 853 471 895 diffunditur
501 867 643 895 eorum
672 853 823 907 ubique
853 854 1019 906 mixtio,
1051 867 1226 895 amoena
1252 855 1473 908 temperies
1505 855 1652 895 salutis

98 922 194 963 inde
212 923 373 963 cunctis
399 921 686 962 habitantibus
708 921 1062 975 subministretur,
1083 926 1206 976 atque
1227 923 1286 962 ita
1307 921 1449 963 divina
1464 925 1651 977 potentia

97 990 342 1032 mortalibus
367 991 454 1031 vita
480 989 613 1032 dulcis
635 995 674 1031 et
704 1003 902 1045 prospera
923 1004 1121 1032 concessa
1142 1004 1166 1032 a
1188 990 1354 1032 domino
1379 995 1420 1031 et
1439 992 1651 1046 impertita

97 1073 181 1101 non
201 1060 425 1112 ignoratur.

184 1127 292 1169 ¹Nec
315 1126 433 1168 deest
457 1127 639 1168 haeresis
667 1141 770 1181 quae
799 1127 901 1168 (licit
921 1129 1081 1169 animas
1102 1127 1488 1182 2venena1·iorum²²‚
1516 1129 1647 1171 scele-
1674 1134 1740 1183 (Yav-
1755 1135 1849 1159 ‘'W'-

98 1199 282 1238 ratorum
303 1200 344 1236 et
363 1194 665 1237 homicidarum
686 1200 728 1236 et
747 1195 922 1238 aliorum
948 1196 1092 1237 talium
1119 1199 1296 1239 transire
1326 1200 1369 1239 in
1398 1197 1647 1240 daemonesb
1674 1182 1752 1213 (ΟΨ
1774 1181 1882 1211 CXXI')

98 1278 145 1306 ac
166 1263 347 1319 pecudes
368 1268 410 1305 et
431 1263 585 1305 bestias
607 1252 649 1305 et
668 1269 902 1319 serpentes3
925 1266 1161 1318 ignorantes
1183 1265 1293 1319 quod
1310 1268 1451 1307 anima
1465 1266 1648 1310 hominis

98 1345 194 1375 cnm
213 1333 360 1374 exierit
381 1331 431 1373 (10
452 1331 606 1384 seculo,
627 1333 714 1373 sive
737 1332 845 1374 bona
866 1334 952 1373 sive
974 1333 1103 1386 mala,
1125 1333 1168 1374 id
1189 1339 1252 1375 est
1272 1336 1342 1389 pia
1362 1339 1485 1389 atque
1507 1337 1651 1392 impia,

98 1400 149 1443 ab
170 1400 341 1455 angelo⁰
364 1400 528 1442 ducitur
545 1402 587 1441 in
604 1400 740 1442 locum
757 1405 972 1454 statutum,
993 1406 1038 1442 ut
1054 1403 1098 1442 in
1114 1402 1298 1444 futurum
1315 1405 1520 1459 percipiat
1534 1407 1651 1447 iuxta

99 1468 208 1524 quod
228 1470 358 1523 gessit
377 1470 419 1510 in
440 1469 518 1510 hoc
540 1469 678 1510 seculo
697 1471 932 1511 constituta.
965 1469 1009 1511 Si
1032 1471 1122 1523 quis
1141 1475 1279 1512 autem
1300 1471 1377 1513 hoc
1395 1473 1453 1513 ita
1474 1478 1647 1528 putave-

97 1539 152 1579 rit
171 1537 274 1590 fieri,
294 1539 543 1593 paganitatis
566 1542 606 1578 et
625 1539 822 1579 vanitatis
842 1537 1207 1593 philosophorumd
1228 1542 1360 1593 magis
1383 1554 1506 1594 quain
1529 1543 1646 1584 Chri-

99 1607 322 1647 stianitatis
334 1605 497 1648 videtur
508 1605 682 1648 3habere
694 1608 960 1660 consortium,
982 1620 1076 1649 011111
1094 1606 1205 1649 dicat
1220 1609 1474 1663 apostoluse,
1502 1611 1649 1653 Omnes—

187 1729 218 1764 2.
243 1729 351 1764 zodia
372 1730 440 1764 ista
457 1730 580 1764 Aeac.
606 1730 745 1765 Zodiaci
763 1730 827 1764 ista
850 1731 948 1776 signa
967 1732 995 1766 b.

100 1776 190 1822 liqui.
213 1780 361 1821 quatuor
386 1777 589 1810 Galeardus.

188 1821 270 1867 Cap.
288 1821 444 1856 CXXIV.
467 1824 503 1855 in
521 1822 594 1856 abc.
614 1825 811 1867 inscriptum
836 1829 883 1856 est
904 1822 954 1856 Dr:
980 1835 1153 1858 axinABvs
1171 1835 1448 1860 scssnssna'ronvn
1467 1840 1647 1862 HAERESIS.

100 1885 143 1892 —
169 1867 197 1902 l.
213 1867 291 1902 Alia
307 1871 359 1901 est
373 1866 524 1902 haeresis
543 1869 586 1903 A.
635 1867 665 1902 2.
678 1869 941 1904 venenariorum
958 1881 1026 1914 eqo.
1043 1871 1301 1906 venerariorum
1313 1873 1358 1908 Α.
1374 1872 1646 1909 foenerariorum

98 1914 227 1958 reliqui.
296 1913 327 1947 3.
352 1914 482 1948 ambire
498 1914 543 1947 A.

1066 1732 1097 1766 3.
1116 1744 1133 1766 0
1151 1737 1298 1778 quatuor
1315 1734 1360 1769 A.
1378 1738 1415 1768 ut
1433 1740 1580 1781 quatuor
1596 1748 1647 1771 re·

144 2048 178 2085 g.
202 2038 373 2074 elementa
388 2038 523 2092 mundi]
548 2039 660 2075 Astra.
679 2039 763 2074 Vide
780 2050 835 2074 su·
904 2050 1025 2085 parum
1049 2046 1128 2087 apte
1151 2040 1231 2076 huie
1252 2041 1387 2078 haeresi
1409 2046 1469 2091 qui
1493 2046 1581 2081 adsti
1609 2059 1645 2080 u-

98 2095 162 2130 pra
174 2085 354 2174 lag-1133]
364 2085 497 2172 (κᾶξω
529 2084 575 2129 [h.
592 2097 622 2120 e.
639 2085 768 2121 adnott.
793 2086 834 2120 ad
903 2087 1233 2168 1Ϊε1ἐῖ1ἰ111,ῐέἒῒοθῖι1ῐῐὲιιξ1
1248 2059 1645 2171 31·zssffiuigogzesa.t(5)1ri-

99 2141 176 2211 cah..
192 2157 338 2221 quatuor
351 2158 488 2222 anguiis
499 2176 617 2220 seculi]
632 2176 834 2211 Mundicar-
903 2144 1061 2222 ssaptislia
1077 2178 1216 2224 Crispus
1241 2180 1281 2214 de
1331 2149 1522 2228 Μῗοεοίὶῗίἓ
1546 2150 1646 2218 1311100

99 2221 246 2264 dinibus,
259 2232 278 2256 e
288 2222 412 2267 quibus
424 2227 604 2257 ventorum
618 2228 738 2268 potens
753 2234 834 2267 qua·
901 2222 1072 2268 Legendis
1090 2236 1121 2269 p.
1138 2225 1204 2258 464
1214 2237 1288 2271 sqq.
1336 2228 1412 2269 (F.)

98 2267 219 2302 ternio.
268 2268 344 2309 (F.)

121 2312 203 2358 Cap.
212 2312 357 2347 CXXIV
359 2325 458 2347 .—a.
475 2314 750 2357 venenariorum]
770 2313 834 2355 Qui

98 2358 216 2403 iniquo
230 2359 371 2393 foenore
381 2364 542 2404 premunt
559 2360 688 2404 inopes.
705 2359 834 2393 Foene—

99 2404 207 2438 rai-ios
223 2408 257 2438 et
278 2404 441 2438 subdolos
464 2405 577 2450 iungit
593 2405 758 2439 Firmicus
776 2405 833 2439 III.

99 2448 132 2483 8.
146 2449 293 2485 Mathes.
316 2449 401 2484 Cato
423 2450 464 2484 de
486 2450 535 2483 Re
551 2450 691 2484 Rustica
714 2462 833 2496 prooe-

99 2494 186 2529 mio:
205 2495 376 2538 „Maiores
390 2499 496 2529 nostri
510 2498 561 2529 sic
576 2496 778 2536 hahuerunt,
803 2503 836 2530 et

99 2542 150 2574 ita
178 2543 216 2574 in
242 2541 368 2586 leqibus
383 2548 580 2586 posuerunt,
600 2544 715 2586 χὴν-ειη
740 2543 834 2586 dupli

100 2587 324 2664 οῗιᾱεηιηανί,
343 2589 592 2632 foeneratorem
620 2588 832 2631 quadrupli.''

143 2675 177 2712 b.
199 2677 341 2712 transire
362 2678 398 2712 in
422 2678 622 2721 daemones]
656 2677 693 2711 In
722 2677 832 2712 indice

100 2720 284 2767 Augustini
299 2734 373 2776 cap.
391 2723 445 2758 78.
467 2723 552 2758 haec
574 2723 724 2758 haeresis
754 2723 831 2757 Ter-

101 2768 266 2802 miliorum
287 2768 426 2803 dicitur:
450 2770 541 2815 apud
562 2769 740 2809 Isidorum,
764 2769 831 2803 Ho-

101 2812 254 2856 notium,
276 2813 457 2849 Rabanum
480 2820 514 2849 et
537 2815 755 2855 Gratianum,
780 2825 835 2848 ea-

102 2855 179 2892 dem
203 2859 361 2894 tribuitur
385 2860 416 2892 T
413 2862 655 2894 ereulliam'stis.
695 2859 732 2892 In
755 2859 834 2894 Ter—

102 2903 234 2939 tulliani
249 2908 364 2940 tamen
381 2910 470 2940 certe
486 2906 637 2951 scriptis,
662 2915 750 2949 quae
774 2916 833 2938 ex-

102 2950 212 2991 mut,
226 2950 286 2984 illa
301 2951 502 2997 neutiquam
526 2951 724 2986 defenditur.
750 2950 832 2984 Vide

103 2991 168 3028 lac.
190 2993 379 3030 Pamelium
404 2997 581 3042 paradoxo
602 2996 831 3031 Tertullianeo

102 3037 163 3074 XI.
196 3039 248 3076 Ab
262 3041 410 3078 Auctore
423 3042 670 3079 Praedestinati
688 3051 760 3088 cap.
776 3041 830 3077 73.

948 2280 975 2303 c.
999 2270 1042 2303 ab
1056 2271 1195 2315 angelo]
1213 2272 1298 2306 Vide
1310 2272 1512 2319 interpretes
1526 2276 1569 2309 ad
1578 2275 1643 2310 Lu-

902 2324 961 2348 cae
982 2315 1075 2349 XVI.
1092 2316 1145 2349 22.
1175 2321 1209 2350 et
1231 2316 1265 2351 S.
1288 2319 1480 2354 Macarium
1502 2321 1644 2355 homilia

902 2360 1013 2394 XXII.
1044 2361 1250 2396 Iudaeorum
1271 2363 1360 2398 hanc
1381 2365 1491 2400 fuisse
1507 2372 1643 2401 senten-

901 2405 984 2439 tiam
1002 2406 1113 2441 disces
1137 2408 1241 2442 etiam
1258 2420 1301 2442 ex
1318 2411 1474 2445 versione
1491 2412 1643 2447 Samari-

901 2454 982 2485 tana
1008 2452 1130 2487 Genes.
1149 2453 1188 2488 V.
1207 2454 1260 2489 24.
1286 2460 1318 2488 et
1335 2456 1488 2499 Targum
1512 2458 1643 2492 Cantic.

901 2496 955 2531 IV.
976 2497 1026 2532 12.
1055 2498 1179 2532 Confer
1201 2499 1268 2535 Iac.
1291 2501 1428 2535 Vindeti
1450 2503 1576 2537 librum
1600 2504 1643 2537 do

900 2542 979 2576 vita
995 2542 1204 2578 Functorum
1221 2545 1320 2579 Statu
1337 2547 1433 2591 1245.
1448 2552 1479 2581 et
1494 2549 1546 2583 70.
1565 2550 1642 2590 (F.)

953 2588 982 2623 d.
1015 2590 1224 2633 paganitatis
1249 2596 1282 2625 et
1305 2593 1467 2627 vanitatis
1491 2593 1640 2639 philoso-

900 2632 1058 2678 phorum]
1083 2636 1236 2670 Maxime
1253 2648 1371 2671 eorum
1385 2640 1443 2683 qui
1461 2650 1502 2673 ex
1516 2640 1640 2684 Pytha-

900 2689 1004 2723 gorae
1028 2679 1155 2722 schola,
1180 2683 1233 2716 vel
1255 2682 1424 2726 Platonis,
1449 2685 1574 2730 dogma
1600 2686 1642 2718 do

899 2725 1187 2770 metempsychosi
1209 2728 1281 2762 sive
1304 2730 1499 2764 animorum
1521 2732 1554 2764 in
1573 2732 1641 2764 alia

899 2781 967 2804 non
984 2770 1137 2805 humana
1158 2773 1271 2807 solum
1292 2775 1352 2808 sed
1373 2776 1518 2810 alioruin
1536 2777 1639 2810 etiam

901 2816 1103 2850 animalium
1115 2828 1257 2862 corpora
1269 2822 1570 2866 transmigratione
1584 2823 1639 2854 de-

900 2861 1115 2895 fensitarunt.
1129 2863 1180 2896 Ab
1189 2864 1237 2897 Ae
1313 2866 1368 2899 tiis
1377 2865 1534 2900 haustam
1543 2868 1638 2900 illam

900 2905 1089 2941 doctrinam
1104 2912 1203 2942 notat
1214 2909 1281 2944 Zac
1307 2912 1397 2946 arias
1409 2913 1638 2956 Mytilenaeas

902 2952 1080 2997 episcopus
1102 2953 1187 2988 libro
1206 2953 1332 2990 Contra
1347 2957 1468 2992 Mundi
1483 2958 1637 2993 Aeterni-

899 3001 1005 3032 tatem
1022 2998 1148 3043 scripto
1164 3009 1197 3044 p.
1217 3000 1290 3036 184.
1338 3003 1412 3044 (F.)

943 3054 973 3078 e.
998 3044 1188 3088 apostolus]
1217 3045 1323 3081 2001.
1333 3047 1373 3083 V.
1385 3048 1436 3083 10.
1455 3048 1560 3091 ,Τοὺς
1574 3049 1635 3095 γὰρ

1323 3105 1370 3137 39
