2052 3374
555 227 606 252 DE
626 227 926 255 ECCLESIASTICIS
944 229 1198 257 DOGMATIBL'S.
1570 236 1649 277 341

99 333 294 371 monente
314 332 429 385 prius
452 331 527 373 deo
551 336 592 373 et
610 334 815 375 invitante
837 334 890 375 ad
910 334 1101 389 salutem,
1121 339 1168 377 ut
1187 337 1253 379 vel
1271 337 1396 391 eligat
1415 338 1482 380 vel
1499 352 1649 394 sequa-

99 401 166 438 tur
184 397 251 439 vel
271 403 366 452 agat
388 401 605 442 occasione
628 401 795 455 salutis,
822 403 899 444 hoc
927 408 989 444 est
1009 404 1280 459 inspiratione
1303 406 1382 447 dei.
1433 406 1490 449 Ut
1509 412 1651 450 autem

101 471 378 521 consequatur
399 468 507 522 quod
536 469 650 523 eligit
670 470 735 511 vel
758 470 867 524 quod
889 471 1075 525 sequitur
1095 473 1161 514 vel
1183 474 1291 528 quod
1313 476 1530 517 occasione
1552 477 1650 529 agit,

98 533 165 575 dei
185 548 277 576 esse
298 535 428 577 libere
452 538 707 579 confitemur.
757 539 930 580 Initium
951 553 1044 594 ergo
1066 541 1213 583 salutis
1235 547 1400 585 nostrae
1423 543 1497 585 deo
1519 545 1646 586 mise-

96 606 214 644 rante
234 603 458 646 habemus:
487 610 533 646 ut
559 608 873 661 acquiescamus
903 608 1139 650 salutiferae
1167 611 1452 666 inspirationi,
1480 617 1646 655 nostrae
1671 615 1677 625 '

96 673 313 726 potestatis
336 677 418 714 est:
445 678 492 714 ut
517 675 796 730 adipiscamur
817 676 926 730 quod
947 679 1249 732 acquiescendo
1277 680 1551 722 admonitioni
1572 696 1644 723 cu-

94 740 245 794 pimus,
266 739 396 782 divini
418 747 480 784 est
500 744 706 785 muneris:
727 748 773 784 ut
794 758 878 786 non
899 744 1088 787 labamur
1116 746 1190 789 ⁷ab
1213 748 1361 804 adepto
1385 749 1530 791 salutis
1551 764 1643 792 mu-

94 821 208 861 nere,
228 808 519 852 sollicitudinis
541 816 706 853 nostrae
730 817 794 854 est
819 817 861 854 et
889 813 1079 856 caelestis
1105 817 1262 871 pariter
1283 817 1494 859 adiutorii:
1518 822 1562 860 ut
1581 819 1641 860 la-

93 875 255 930 bamur,
274 881 493 933 potestatis
515 884 680 922 nostrae
703 881 769 922 Set
789 882 1015 936 ⁹ignaviae.

181 943 395 979 Firmissime
412 946 620 980 credendum
637 952 688 981 est
704 949 739 982 in
755 950 1048 994 praevaricatione
1065 951 1158 984 Adae
1183 963 1303 986 omnes
1327 951 1487 987 homines
1504 958 1643 989 natura·
1669 962 1748 996 (Cap.
1768 964 1868 997 XXII.)

92 1000 162 1033 lem
177 1001 442 1046 possibilitatem
460 1007 494 1036 et
510 1004 742 1038 innocentiam
758 1006 962 1050 perdidisse,
981 1012 1014 1040 et
1030 1008 1203 1042 neminem
1221 1009 1261 1042 de
1278 1009 1448 1054 profundo
1466 1011 1557 1045 illius
1574 1013 1643 1046 rui-

91 1067 155 1090 nae
171 1068 233 1102 per
248 1058 396 1092 libemm
413 1060 592 1094 arbitrium
609 1073 711 1106 posse
729 1073 953 1107 consurgere,
975 1064 1044 1098 uisi
1061 1076 1141 1098 eum
1157 1066 1269 1110 gratia
1286 1066 1340 1100 dei
1355 1067 1553 1102 miserantis
1571 1081 1642 1103 ere-

91 1114 194 1147 xerit.
236 1114 418 1150 ¹Liberum
436 1117 528 1150 enim
546 1119 726 1152 arbitrium
742 1120 798 1153 ille
816 1131 1000 1165 perpessus
1024 1121 1105 1155 dum
1123 1123 1194 1156 suis
1211 1123 1439 1158 inconsultius
1457 1126 1564 1159 utitur
1582 1127 1641 1161 bo-

90 1170 162 1212 nis,
185 1171 311 1206 cadens
333 1173 369 1206 in
390 1175 696 1218 praevaricationis
712 1176 883 1221 profunda
906 1177 1081 1212 demersus
1099 1183 1169 1221 est,
1193 1184 1226 1213 et
1247 1179 1334 1214 nihil
1349 1182 1641 1226 quemadmodum

90 1227 214 1261 exinde
231 1239 373 1274 surgere
389 1235 507 1276 posset
524 1232 664 1274 invenit,
681 1244 812 1278 suaque
830 1234 865 1267 in
882 1239 1060 1269 aeternum
1076 1237 1232 1270 libertate
1250 1237 1411 1283 deceptus
1427 1238 1530 1273 huius
1550 1240 1640 1275 2rui-

90 1295 154 1318 nae
170 1286 329 1320 latuisset
347 1298 529 1333 oppressu,
554 1289 622 1322 nisi
639 1300 717 1323 eum
734 1294 811 1335 post
830 1290 954 1325 Christi
970 1304 1031 1337 pro
1049 1304 1112 1326 sua
1128 1294 1240 1338 gratia
1256 1296 1443 1330 relevasset
1459 1297 1639 1341 adventus,

89 1341 150 1386 qui
164 1353 226 1387 per
240 1354 352 1378 novae
367 1346 638 1390 regenerationis
655 1347 931 1392 purificationem
954 1361 1054 1383 omne
1078 1350 1323 1395 ³praeteritum
1347 1353 1469 1387 vitium
1486 1355 1540 1389 sui
1557 1356 1638 1402 bap·

88 1398 235 1433 tismatis
251 1400 389 1436 lavacro
406 1403 579 1447 purgavit.

177 1456 361 1492 Neminem
377 1470 453 1493 esse
470 1471 530 1504 per
547 1462 772 1507 semetipsum
789 1462 936 1506 bonum,
961 1464 1029 1498 nisi
1044 1466 1344 1512 participationem
1367 1469 1420 1502 sui
1436 1469 1493 1503 ille
1513 1469 1637 1505 1donet
1662 1478 1740 1511 (Cap.
1760 1480 1873 1513 xxm.)

87 1513 147 1559 qui
162 1515 257 1548 solus
274 1519 328 1549 est
342 1516 465 1551 bonus.

175 1571 356 1606 Neminem
375 1574 480 1607 etiam
496 1575 714 1620 baptismatis
732 1578 845 1621 gratia
861 1584 1063 1614 renovatum
1079 1581 1241 1616 idoneum
1265 1593 1341 1616 esse
1365 1583 1407 1616 ad
1423 1585 1635 1629 superandas
1661 1593 1739 1626 (Cap.
1759 1595 1870 1627 xxrv.)

86 1626 217 1662 diaboli
230 1629 373 1664 insidias
391 1635 424 1664 et
441 1631 485 1664 ad
501 1632 688 1666 vincendas
707 1635 818 1668 carnis
836 1637 1144 1681 concupiscentias,
1161 1639 1229 1672 nisi
1244 1651 1304 1685 per
1321 1641 1560 1685 quotidianum
1577 1643 1634 1676 ad-

85 1684 249 1720 iutorium
265 1686 320 1720 dei
334 1689 626 1732 perseverantiam
646 1690 753 1724 bonae
771 1694 1040 1728 conversationis
1059 1697 1238 1741 acceperit.

175 1741 273 1783 Quod
290 1755 391 1779 nemo
409 1746 476 1779 nisi
491 1757 551 1791 per
569 1745 743 1782 Christum
759 1749 867 1783 libero
885 1750 971 1784 bene
987 1755 1103 1786 utatur
1119 1754 1260 1787 arbitrio
1271 1781 1278 1795 ,
1301 1755 1393 1788 idem
1415 1757 1582 1801 magister
1598 1758 1634 1792 in
1659 1764 1738 1798 (Cap.
1758 1767 1854 1799 xxv.)

35 1829 42 1833 .
85 1799 231 1844 epistola
251 1801 295 1834 ad
310 1802 550 1837 Milevitanum
573 1805 756 1839 concilium
781 1806 858 1840 data
880 1808 1070 1852 praedicat,
1098 1810 1251 1844 ldicens:
1270 1812 1416 1846 Adverte
1433 1815 1589 1858 tandem,
1613 1827 1632 1850 ο

83 1857 367 1901 pravissimarum
382 1860 552 1894 mentium
567 1872 728 1906 perversa
743 1863 914 1906 doctrina,
938 1866 1029 1910 quod
1050 1867 1202 1912 primffl
1224 1867 1400 1903 hominem
1423 1871 1472 1904 ita
1493 1872 1632 1907 libertas

83 1913 159 1958 ipsa
174 1914 324 1960 decepit,
349 1920 386 1949 ut
409 1916 491 1950 dum
513 1918 748 1963 indulgentius
765 1920 871 1954 [renis
889 1922 962 1955 eius
976 1923 1098 1966 utitur,
1123 1925 1159 1958 in
1181 1927 1512 1971 praevaricationem
1534 1941 1631 1975 prae-

83 1971 278 2017 sumptione
293 1972 468 2008 incideret.
508 1973 578 2008 Nec
601 1986 645 2009 ex
668 1975 730 2009 hac
750 1978 863 2022 potuit
879 1980 967 2020 erui,
991 1981 1059 2014 nisi
1075 1982 1105 2015 ei
1128 1983 1343 2027 providentia
1358 1988 1629 2031 regenerationis

82 2030 209 2063 statum
226 2029 392 2075 pristinae
408 2030 575 2065 libertatis
594 2030 719 2066 Christi
736 2033 866 2069 domini
881 2036 1103 2072 reformasset
1118 2039 1297 2077 adventus,

80 2122 223 2153 naturae
239 2124 378 2155 nostrae
394 2132 528 2167 sequax
544 2134 618 2157 esse
633 2124 766 2159 divinae
779 2126 1012 2172 inspirationis
1025 2130 1131 2165 libere
1145 2131 1361 2167 confitemur.
1386 2134 1495 2180 Igitur
1509 2140 1629 2173 utnon

79 2165 239 2199 labamur
256 2172 329 2200 cett.
355 2167 402 2200 Id
415 2180 489 2201 vero
507 2169 549 2201 ab
567 2169 696 2203 homine
714 2171 878 2206 catholieo
897 2177 1055 2208 insertum
1066 2183 1194 2221 putant
1208 2185 1352 2224 propter
1376 2181 1530 2215 latentem
1554 2185 1627 2217 illic

79 2210 343 2254 Pelaqianorum
360 2224 516 2248 errorem.
542 2214 696 2259 (Bened.)
780 2217 811 2252 7.
830 2219 865 2252 in
882 2219 1005 2265 adepto
1024 2223 1102 2257 edit.
1122 2223 1276 2259 Elmenlz.
1363 2225 1394 2260 8.
1415 2231 1467 2260 est
1491 2233 1525 2261 et
1548 2231 1626 2263 edit.
1681 2254 1690 2263 .

78 2255 233 2290 Elmenlz.
303 2257 335 2292 9.
354 2257 436 2291 Post
448 2259 608 2304 ignaviae
626 2264 698 2295 cod.
717 2262 750 2295 F
750 2263 866 2299 lorent.
885 2267 984 2299 addit
998 2267 1032 2300 id
1049 2272 1101 2301 est
1116 2269 1331 2304 rationabilis
1348 2273 1547 2309 voluntatis.
1582 2276 1626 2308 In

79 2302 158 2335 edit.
175 2301 327 2336 Elmenlz.
346 2302 431 2337 haee
447 2312 642 2348 sequuntur.-
660 2318 728 2341 non
744 2311 860 2343 tamen
877 2311 919 2344 ad
937 2312 1159 2348 obtinendam
1175 2315 1250 2349 sine
1266 2316 1324 2350 illo
1343 2318 1402 2362 qui
1419 2325 1623 2363 quaerentes

77 2346 161 2381 facit
175 2347 346 2389 invenire,
370 2349 429 2394 qui
444 2351 660 2395 pulsantibus
678 2354 801 2398 aperit,
825 2356 884 2400 qui
900 2359 1095 2401 petentibus
1113 2360 1227 2396 donat.
1268 2361 1365 2396 Sicut
1387 2374 1468 2409 ergo
1486 2365 1624 2401 initium

78 2392 200 2426 salutis
217 2397 356 2428 nostrae
379 2394 442 2429 deo
465 2396 651 2431 miserante
675 2404 709 2432 et
729 2399 918 2445 inspirante
934 2401 1060 2438 habere
1078 2417 1141 2439 nos
1160 2407 1347 2441 credimus:
1373 2409 1422 2441 ita
1445 2411 1623 2446 arbitrium

77 2441 217 2472 nostrae
233 2443 374 2473 naturae
392 2451 523 2486 sequax
541 2453 616 2476 esse
630 2442 762 2478 divinae
775 2446 1008 2492 inspirationis
1022 2450 1354 2488 libereronfitemur.
1379 2453 1489 2499 Igitur
1502 2461 1622 2492 utnon

76 2483 235 2518 labamur
251 2495 272 2518 a
288 2485 378 2520 bono
395 2487 449 2519 vel
465 2492 606 2521 naturae
624 2490 678 2522 vel
693 2491 823 2533 meriti,
847 2494 1084 2529 sollicitudinis
1107 2502 1245 2531 nostrae
1269 2504 1321 2532 est
1336 2504 1370 2532 et
1386 2502 1543 2535 caelestis
1560 2514 1621 2548 pa-

77 2528 157 2563 riter
171 2529 346 2564 adiutorii:
367 2535 403 2565 ut
419 2532 584 2575 labamur,
602 2537 781 2578 potestatis
798 2543 935 2572 nostrae
953 2545 986 2573 et
1002 2541 1172 2586 ignaviae.
1210 2543 1476 2579 Elmenhorstius
1493 2554 1621 2581 tantum

76 2581 224 2609 extrema
239 2577 302 2610 illa
319 2576 427 2622 Igitur
443 2582 481 2611 ut
496 2589 565 2612 non
582 2579 738 2615 labamur
753 2602 797 2607 —
809 2603 853 2609 —
869 2585 1029 2629 ignaviae
1054 2588 1229 2622 abundare
1254 2592 1399 2630 censuit,
1423 2597 1456 2624 et
1476 2593 1619 2628 delenda

77 2625 114 2653 ut
127 2632 144 2653 8
168 2623 259 2656 uria.

138 2633 265 2712 P(Cap.
283 2667 411 2713 XXII.)
430 2689 472 2694 —
497 2669 533 2702 V.
554 2669 737 2704 Caelestini
746 2685 864 2718 papae
889 2678 983 2720 epist.
1007 2678 1058 2710 ad
1073 2678 1266 2712 Galliarum
1289 2683 1460 2726 episcopos
1483 2683 1529 2723 (A
1538 2696 1617 2728 uqu-

74 2712 156 2744 stim'
175 2711 258 2757 Opp.
276 2715 326 2747 ed.
346 2713 469 2748 Bened.
489 2721 561 2749 tom.
579 2715 624 2756 X,
642 2716 798 2761 Append.
811 2732 849 2763 p.
868 2719 914 2753 88
929 2732 946 2752 8
990 2725 1014 2763 .)
1032 2735 1108 2791 crgo.
1127 2723 1159 2758 4.
1233 2725 1259 2758 l.
1279 2725 1329 2770 (J.
1348 2726 1616 2780 Innocentii-pa-

70 2768 142 2800 pae
165 2760 260 2802 epist.
279 2759 355 2793 181.
381 2772 437 2805 ap.
455 2761 633 2804 Amynatin.
656 2774 740 2797 num.
767 2763 796 2796 7.
828 2764 936 2805 (Bene
963 2734 986 2810 ὅ
1062 2791 1093 2801 Η.
1115 2768 1173 2801 Sic
1189 2769 1286 2805 MSS.
1311 2777 1342 2803 et
1364 2773 1442 2805 edit.
1460 2786 1492 2808 α.
1511 2774 1614 2810 1024.

74 2801 181 2836 Aliae
196 2805 362 2882 quaeldam
384 2807 545 2839 editiones
567 2807 665 2840 ruina
686 2807 848 2844 iacuisset
872 2822 1068 2857 oppressus.
1094 2813 1251 2859 (Bened.)
1319 2816 1352 2851 3.
1369 2817 1465 2854 MSS.
1483 2825 1614 2864 praete-

72 2846 140 2880 riti.
203 2859 267 2882 ene
292 2875 300 2882 .

180 2891 261 2940 Gap.
277 2852 427 2975 XlXIle
446 2896 483 2932 V.
503 2897 684 2931 Caelestini
694 2911 810 2944 papae
827 2904 920 2947 epist.
938 2905 986 2937 ad
1005 2904 1094 2938 Gall.
1112 2908 1283 2952 episcopos
1307 2920 1382 2954 cap.
1400 2909 1432 2943 5.
1506 2910 1535 2946 l.
1554 2910 1612 2946 do-

72 2938 206 2972 naverit
219 2941 270 2973 ed.
285 2940 405 2975 Elmen
431 2969 438 2976 .

179 2983 260 3030 Cap.
276 2984 424 3032 XXIV.)
456 2987 494 3021 V.
513 2988 695 3022 Caelestini
701 3002 822 3036 papae
839 2995 933 3037 epist.
951 2996 999 3028 ad
1017 2996 1107 3030 Gall.
1126 2999 1226 3042 epi-sc.
1246 3010 1322 3044 cap.
1339 2999 1372 3033 5.

179 3027 261 3075 Cap.
277 3031 407 3074 XXV.)
440 3033 476 3067 V.
496 3033 677 3068 Caelestini
685 3047 803 3081 papae
819 3041 914 3082 epist.
931 3041 980 3074 ad
998 3041 1087 3075 Gall.
1106 3045 1208 3087 episc.
1228 3057 1305 3090 cap.
1326 3045 1357 3079 6.
1437 3046 1465 3082 1.
1484 3046 1534 3092 Cs.
1552 3048 1609 3082 In-

74 3077 242 3109 nocentius
257 3079 352 3122 epist.
368 3077 448 3113 182.
466 3081 552 3114 inter
568 3081 749 3125 Auqustin.
767 3095 851 3116 num.
867 3084 902 3117 3.
