2052 3374
595 213 645 238 DE
666 214 962 243 ECCLESIASTICIS
980 218 1233 248 DOGMATIBCS.
1609 231 1690 273 337

145 309 296 364 gratia,
326 315 373 353 ut
398 313 487 354 vult
513 316 679 372 Aetius,
716 319 821 362 nihil
851 324 1033 365 anterius
1063 328 1322 380 posteriusve
1355 333 1426 370 aut
1453 333 1614 386 minus,
1644 339 1689 375 ut

142 378 289 432 Arius,
316 380 422 422 nihil
449 387 691 428 extraneum
720 394 791 429 aut
817 389 1015 433 4officiale
1037 393 1177 447 alteri,
1205 401 1252 436 ut
1270 396 1556 453 Macedonius,
1583 402 1689 444 nihil

142 444 409 500 ⁵pervasione
431 456 502 492 aut
522 457 778 509 surreptione
798 459 1014 513 insertum,
1034 466 1081 502 ut
1100 463 1388 519 Manichaeus‚
1416 467 1520 509 nihil
1543 483 1685 526 corpo-

139 527 277 568 reum,
303 520 350 556 ut
368 517 510 561 Melito
540 526 581 562 et
609 523 910 568 Tertullianus:
938 528 1045 570 nihil
1074 532 1339 586 corporaliter
1366 535 1610 592 effigiatum,
1640 545 1686 581 ut

139 580 574 643 “Anthropomorphus
597 595 637 631 et
654 591 899 647 ⁷Vadianus,
920 596 1024 638 nihil
1042 598 1120 639 sibi
1142 600 1388 657 Sinvisibile,
1409 609 1457 645 ut
1473 605 1683 661 Origenes,

137 649 242 692 nihil
263 657 462 697 creaturis
484 658 667 713 visibile,
694 665 741 701 ut
759 662 1028 717 Fortunatus,
1056 667 1159 708 nihil
1180 671 1363 713 moribus
1384 673 1451 713 vel
1471 675 1682 718 voluntate

138 717 368 776 diversum,
397 728 443 764 ut
463 725 665 781 Marcion,
694 729 799 771 nihil
821 745 871 772 ex
893 733 1093 775 trinitatis
1123 740 1305 780 essentia
1325 740 1378 781 ad
1400 748 1680 787 creaturarum

135 789 327 830 naturam
348 790 593 848 deductum,
620 800 667 836 ut
691 797 808 840 Plato
830 803 870 840 et
887 799 1180 857 Tertullianus,
1201 806 1306 848 nihil
1322 809 1454 851 officio
1472 812 1679 866 singulare

134 867 210 896 nec
232 856 351 899 alteri
373 864 734 918 communicabile,
763 871 808 907 ut
830 867 1043 924 Origenes,
1072 872 1178 913 nihil
1199 876 1435 930 confusum,
1463 884 1509 919 ut
1531 880 1677 923 Sabel-

132 921 233 974 lius3
255 925 330 967 sed
349 931 483 971 totum
502 932 753 987 perfectum,
783 936 877 989 quia
904 942 1038 980 totum
1066 953 1117 981 ex
1142 955 1223 983 uno
1255 950 1295 984 et
1315 944 1489 988 ⁹unum:
1510 963 1591 991 non
1613 955 1676 991 ta-

130 1003 228 1032 men
248 993 492 1051 solitarium,
512 1004 559 1040 ut
577 1008 847 1056 praesumunt
864 1005 1046 1048 Praxeas
1063 1013 1104 1049 et
1120 1009 1338 1066 Sylvanus,
1359 1014 1677 1072 Pentapolitana

131 1057 381 1105 damnabilis
401 1065 475 1106 illa
495 1066 694 1111 doctrina.

213 1129 481 1175 ¹H0m0usi0s
503 1149 616 1190 ergo,
642 1139 686 1180 id
707 1144 770 1180 est
798 1144 1078 1187 coessentialis
1108 1146 1153 1188 in
1182 1148 1398 1192 divinitate
1419 1155 1526 1208 patri
1549 1156 1672 1210 filius,
1699 1173 1763 1206 Cap.
1788 1175 1820 1200 v.

126 1194 362 1241 homousios
380 1205 492 1256 patri
512 1209 553 1244 et
573 1205 656 1248 filio
677 1210 846 1263 spiritus
869 1217 1058 1266 sanctus,
1085 1215 1320 1260 homousios
1350 1220 1424 1262 deo
1454 1227 1495 1263 et
1515 1223 1670 1266 homini

125 1263 273 1320 2filius‚
294 1281 468 1312 manens
491 1271 592 1314 deus
614 1276 658 1316 in
677 1275 843 1318 homine
866 1292 938 1321 suo
959 1282 1002 1321 in
1023 1282 1151 1335 gloria.
1171 1288 1322 1340 patris,
1351 1287 1482 1331 3unus
1505 1292 1668 1335 deside-

124 1333 269 1376 rabilis
296 1337 429 1379 videri
455 1339 508 1381 ab
536 1343 713 1397 angelis,
742 1346 851 1386 sicut
879 1352 998 1402 pater
1026 1355 1066 1391 et
1088 1353 1258 1407 spiritus
1288 1363 1455 1400 sanctus
1477 1360 1669 1404 adoratur

123 1402 175 1444 ab
197 1404 355 1458 angelis
377 1410 418 1447 et
433 1407 485 1449 ab
502 1412 615 1452 omni
632 1418 831 1467 creatura,
852 1429 935 1456 non
951 1417 1092 1461 41101110
1109 1427 1273 1476 praeter
1290 1424 1425 1479 deum,
1447 1427 1664 1472 510101111-

121 1473 211 1512 stus
233 1486 328 1514 cum
349 1473 439 1529 deo,
459 1478 567 1519 sicut
586 1479 846 1536 blasphemat
861 1483 1088 1542 Nestorius,
1111 1490 1183 1531 sed
1198 1491 1318 1535 homo
1334 1494 1378 1535 in
1396 1495 1484 1550 deo,
1507 1503 1546 1539 et
1564 1499 1664 1542 deus

119 1537 164 1579 in
183 1539 362 1583 homine.

201 1608 292 1651 Erit
309 1616 553 1657 resurrectio
574 1622 827 1661 mortuorum
849 1623 1033 1665 omnium
1052 1624 1279 1683 hominum,
1300 1631 1374 1673 sed
1394 1647 1478 1675 una
1499 1639 1539 1676 et
1559 1638 1660 1678 insi-
1687 1654 1752 1687 Cap.
1771 1656 1819 1682 vr.

117 1675 205 1718 mul
225 1681 268 1718 et
286 1680 429 1735 semel,
449 1695 532 1724 non
552 1685 686 1739 prima
705 1689 920 1743 iustorum,
943 1696 983 1731 et
1003 1695 1187 1737 secunda
1204 1706 1488 1756 peccatorum,
1510 1705 1578 1745 1ut
1598 1706 1658 1747 fa-

116 1743 215 1786 bula
235 1750 299 1788 est
318 1750 627 1807 somniatorum,
649 1755 722 1796 sed
743 1770 826 1798 11113
847 1759 1041 1803 omnium.
1083 1762 1136 1804 Et
1156 1766 1190 1806 si
1211 1767 1255 1808 id
1276 1782 1486 1824 resurgere
1509 1772 1659 1816 dicitur

117 1813 226 1867 quod
247 1815 377 1870 cadit,
405 1832 499 1861 0310
527 1834 621 1875 ergo
642 1828 784 1865 nostra
804 1825 847 1866 in
868 1829 1041 1871 veritate
1063 1836 1261 1888 resurgit,
1291 1838 1399 1878 sicut
1418 1841 1461 1880 in
1482 1844 1654 1885 veritate

115 1881 243 1924 cadit:
265 1888 308 1924 et
325 1899 410 1928 non
431 1889 660 1932 secundum
683 1891 899 1946 origenem
920 1897 1151 1942 immutatio
1174 1916 1388 1959 corporum
1410 1908 1508 1963 erit,
1528 1911 1571 1952 id
1593 1918 1656 1954 est

113 1949 226 1992 aliud
243 1965 399 1995 novum
419 1969 564 2012 corpus
585 1973 658 2014 pro
681 1974 823 2014 carne,
851 1963 925 2005 sed
953 1966 1097 2009 eadem
1124 1984 1216 2013 caro
1244 1976 1521 2031 corruptibilis
1551 1993 1652 2034 quae

112 2018 236 2073 cadit,
255 2024 342 2063 tam
356 2023 558 2067 iustorum
574 2040 693 2081 quam
714 2030 972 2086 iniustorum,
988 2036 1314 2094 incorruptibilis
1330 2051 1529 2101 resurget,
1547 2062 1651 2102 quae

109 2086 176 2128 vel
193 2101 370 2142 poenam
392 2093 562 2134 sufferre
582 2096 714 2150 possit
733 2111 806 2152 pro
825 2102 1031 2156 peccatiS,
1058 2106 1125 2147 vel
1152 2107 1196 2149 in
1224 2109 1351 2164 gloria
1371 2118 1540 2157 aeterna
1558 2131 1648 2159 ma—

108 2167 206 2196 nere
226 2171 301 2212 pro
320 2161 493 2203 meritis.

191 2223 412 2268 ¹Omnium
426 2227 640 2272 hominum
652 2234 730 2274 erit
741 2240 1003 2280 resurrectio:
1025 2239 1041 2265 2
1051 2244 1086 2283 si
1098 2247 1281 2289 omnium
1294 2249 1384 2303 erit,
1397 2264 1489 2306 ergo
1504 2267 1645 2297 omnes
1671 2270 1734 2304 Cap.
1755 2273 1814 2298 vn.

104 2293 350 2348 moriuntur,
369 2299 417 2336 ut
434 2311 544 2339 mors
566 2299 618 2340 ab
640 2300 774 2345 Adam
796 2304 918 2347 ducta
939 2311 1129 2353 omnibus
1158 2314 1254 2356 filiis
1284 2318 1370 2359 eius
1399 2319 1643 2378 dominetur,

106 2364 149 2401 et
166 2367 338 2404 maneat
357 2363 462 2407 illud
479 2366 739 2422 privilegium
759 2371 803 2413 111
825 2374 989 2419 domino
1012 2380 1119 2433 quod
1141 2381 1189 2423 de
1218 2397 1262 2425 eo
1285 2387 1518 2441 specialiter
1539 2391 1640 2434 dici-

102 2431 189 2471 tur:
209 2430 335 2473 eNon
362 2432 482 2475 dabis
500 2444 690 2480 sanctum
715 2446 831 2482 tuum
856 2445 995 2488 videre
1022 2453 1336 2506 corruptionem.
1388 2455 1507 2499 4Eius
1530 2460 1641 2503 euim

100 2551 186 2587 nihil
199 2554 382 2601 inaequale
398 2559 539 2603 gratiae.
558 2560 656 2595 Haec
671 2564 773 2598 rerba
785 2567 890 2610 plane
906 2571 1036 2603 inducit
1052 2573 1123 2606 cod.
1135 2573 1170 2606 F
1168 2575 1283 2609 [orent.
1300 2577 1344 2611 D.
1360 2578 1485 2614 Marci.
1531 2583 1563 2616 4.
1577 2584 1638 2618 dif-

100 2597 190 2633 ficile
206 2602 279 2636 cod.
296 2601 331 2634 F
330 2604 447 2639 [orent.
532 2605 564 2641 5.
584 2607 642 2640 Ita
659 2610 736 2643 edit.
755 2610 891 2653 Bened„
909 2621 941 2647 et
956 2617 1028 2650 cod.
1045 2617 1139 2652 Flor.
1162 2620 1275 2654 Antea
1294 2624 1388 2666 rulyo
1403 2629 1635 2669 persuasione.

100 2643 131 2678 6.
150 2644 254 2679 Forte
267 2646 649 2695 Anthropomorphitae.
667 2653 818 2699 (Bened.)
903 2658 933 2693 7.
949 2661 1125 2696 Audimus
1148 2666 1216 2697 νηί(
1238 2666 1402 2701 Danaeus
1424 2673 1472 2704 ad
1493 2673 1633 2717 Auquet.

98 2689 153 2722 De
168 2689 313 2728 Haeres.
332 2706 408 2739 cap.
426 2696 457 2730 1.
482 2695 668 2732 Nadicinus
687 2702 758 2735 cod.
777 2702 924 2738 Floreat.
995 2705 1026 2739 8.
1043 2707 1213 2743 invisibile
1229 2721 1250 2744 a
1266 2715 1444 2757 creaturis,
1463 2721 1499 2750 ut
1516 2717 1633 2764 Orige-

95 2745 159 2813 nfis
174 2735 299 2772 habent
311 2741 404 2781 editi,
422 2747 454 2774 et
468 2741 620 2776 Elmenlz.
704 2745 734 2780 9.
752 2746 832 2780 Post
847 2759 955 2783 unum
973 2752 1057 2785 editi
1077 2754 1125 2792 (et
1139 2754 1306 2798 Elmenlz.)
1331 2760 1460 2794 addunt
1481 2773 1526 2797 ex
1548 2769 1630 2799 toto.

142 2781 239 2817 ened.

95 2780 105 2823 (
186 2784 268 2873 (3311.
285 2829 325 2864 V.
341 2851 386 2856 —
406 2832 434 2866 l.
453 2831 649 2877 Ὁμοούσεος
667 2837 745 2871 edit.
764 2837 927 2880 Elmeuh„
944 2847 981 2874 ut
995 2848 1027 2874 et
1042 2845 1076 2875 in
1091 2856 1177 2889 seqq.
1239 2847 1269 2881 2.
1287 2859 1375 2883 unus
1392 2850 1482 2886 filius
1500 2856 1550 2889 ed.
1568 2856 1629 2889 El-

94 2871 200 2907 menh.
267 2873 299 2910 3.
315 2887 404 2910 unus
421 2890 481 2912 om.
499 2880 575 2912 edit.
594 2879 745 2917 Elmenh.
816 2885 847 2917 4.
864 2884 966 2920 homo
983 2887 1093 2922 factus
1109 2895 1243 2935 praeter
1267 2896 1364 2937 editi,
1388 2909 1459 2930 eum
1475 2898 1626 2937 Elmenh.

93 2915 127 2951 5.
145 2917 206 2951 sed
221 2921 294 2954 cod.
312 2920 460 2958 Florent.

184 2962 269 3009 Gap.
284 2965 341 3001 VI.
358 2987 403 2992 —
422 2969 450 3002 1.
466 2969 562 3003 MSS.
580 2974 618 3004 ut
633 2970 751 3006 fabula
767 2976 968 3010 somniatur.
994 2978 1153 3025 (Bened.)

184 3007 267 3055 Gap.
283 3011 356 3045 VH.
373 3033 417 3038 —
437 3014 463 3048 1.
483 3014 644 3050 Omnium
661 3018 752 3052 enim
768 3018 945 3055 hominum
962 3026 1012 3058 ecl.
1030 3024 1181 3062 Elmenlz.
1229 3029 1259 3064 2.
1276 3030 1348 3066 Imo
1366 3034 1454 3078 quod
1471 3037 1622 3072 omnium

92 3053 158 3086 erit
172 3056 245 3089 eod.
263 3054 411 3091 Florem.
481 3059 513 3094 3.
530 3060 654 3096 Psalm.
671 3063 746 3105 XV,
767 3065 816 3098 10.
884 3067 917 3101 4.
945 3067 1054 3103 Verba
1070 3070 1151 3106 Eius
1168 3075 1258 3109 euim
1274 3087 1351 3111 caro
1369 3091 1435 3114 non
1454 3081 1535 3116 vidit
1551 3095 1621 3118 cor-

1313 3133 1355 3167 ‘22
