2100 3342
392 242 460 268 XIV
1059 218 1278 245 PRAEFATIO.

395 329 651 377 instituerat,
680 325 858 377 aliosque
884 324 1028 364 breves
1056 326 1216 362 veteres
1239 321 1287 363 de
1309 321 1526 362 haereticis
1548 321 1766 375 scriptores
1788 320 1826 360 ei
1855 318 1927 360 ad-

398 409 575 459 iungere,
604 404 675 446 scd
705 419 751 444 ea
778 403 953 444 Fabricii
979 402 1164 443 collectio
1196 401 1330 442 lucem
1351 414 1563 455 nunquam
1582 399 1698 441 vidit.

477 489 544 526 VI.
582 485 755 525 Isidori
787 483 1092 534 Hispalensis
1138 481 1350 533 catalogos
1393 481 1625 521 haeresium
1666 479 1838 534 repetivi
1879 491 1929 519 ex

396 566 527 619 origg.
548 565 616 605 lib.
636 563 756 615 vm„
779 576 894 617 capp.
917 562 953 603 4.
978 566 1017 602 ct
1040 562 1075 603 5.
1109 562 1286 602 Inseruit
1308 575 1390 613 cos,
1411 562 1576 602 nomine
1599 560 1808 614 scriptoris
1831 571 1928 613 sup-

395 659 548 699 presso,
566 643 784 684 llrabanus
795 642 960 683 Maurus
974 642 1076 682 libro
1094 641 1144 682 II.
1160 640 1209 681 (10
1226 641 1359 682 Instit.
1374 640 1516 681 Cleric.
1532 639 1641 680 etDe
1653 637 1854 680 Universo
1868 637 1930 690 V.,

396 739 481 779 cap.
505 724 541 765 9.
594 724 807 778 Repetitus
841 726 903 763 cst
933 723 1056 763 etiam
1087 736 1111 762 a
1143 721 1336 762 Gratiano
1367 721 1475 762 Part.
1499 719 1547 761 II.
1579 719 1698 761 Decr.
1723 718 1839 760 Caus.
1863 716 1928 758 24.

395 805 466 853 Qu.
493 810 527 845 53.

476 885 564 924 VII.
601 883 739 923 Pauli
770 881 1005 934 Catalogus,
1043 894 1092 921 cx
1122 880 1268 922 Isidori
1307 880 1488 934 catalogo
1519 880 1742 920 maximam
1771 881 1932 933 partem

396 962 660 1017 compilatus,
689 975 797 1002 nunc
827 963 1007 1016 primum
1036 960 1170 1001 editus
1200 964 1263 1001 est
1290 974 1337 1000 cx
1368 959 1484 1001 codd.
1514 973 1612 1001 mss,
1642 972 1681 999 n.
1712 956 1806 999 975.
1829 960 1870 997 et
1889 969 1929 998 n.

398 1042 515 1083 1752.
565 1041 845 1082 Bibliothecae
874 1040 1203 1093 Bambergensis.
1235 1039 1531 1095 Apographum
1552 1037 1683 1080 libelli
1704 1037 1832 1079 debeo
1854 1035 1931 1077 hu-

394 1122 582 1163 manitati
605 1122 686 1162 VV.
709 1121 793 1162 DD.
818 1121 1102 1162 Gutenaecker
1123 1124 1163 1160 et
1184 1119 1411 1173 Stenglein,
1431 1119 1810 1172 Bambergensium.

477 1203 585 1242 VIII.
615 1202 814 1242 Honorii
834 1200 1012 1252 libellus,
1029 1202 1061 1241 si
1083 1201 1333 1255 paucissima
1350 1201 1546 1254 excipias,
1565 1202 1676 1240 totus
1694 1201 1758 1239 est
1772 1195 1932 1237 Isidori.

477 1284 546 1322 IX.
579 1279 817 1322 Gen‘nadii
843 1280 993 1320 librum
1024 1280 1072 1320 <lc
1102 1279 1402 1321 Ecclesiasticis
1424 1278 1693 1332 Dogmatibus
1714 1277 1931 1318 haereseo-

396 1362 538 1411 logiris
563 1361 728 1401 adiunxi
758 1359 986 1415 opusculis,
1026 1361 1121 1412 quia
1152 1373 1246 1400 cum
1276 1359 1326 1399 ab
1355 1359 1431 1400 hoc
1461 1371 1608 1411 genere
1636 1372 1719 1399 non
1744 1358 1804 1398 ita
1831 1356 1932 1397 alie-

397 1456 492 1481 1111111
516 1455 604 1481 csse
626 1441 821 1481 viderem.
855 1439 1102 1479 (lever-hardi
1126 1438 1420 1480 Elmenhorstii
1437 1439 1740 1491 annotationes,
1761 1437 1840 1477 etsi
1859 1436 1933 1477 ho-

398 1522 461 1561 dic
487 1523 631 1575 partim
655 1520 841 1571 inutiles,
870 1533 921 1559 110
945 1519 1041 1572 quid
1074 1520 1271 1560 omissum
1301 1521 1574 1572 quererentur
1599 1517 1795 1569 lectores,
1816 1529 1934 1571 repe-

396 1601 540 1641 tendas
563 1602 714 1641 curavi.
764 1599 930 1640 Utinam
961 1613 1033 1653 pro
1062 1598 1138 1639 hoc
1168 1598 1371 1640 Gennadii
1395 1598 1498 1639 libro
1527 1602 1618 1639 octo
1639 1597 1732 1639 illos
1763 1598 1833 1651 qui
1862 1610 1935 1651 pe-

398 1683 553 1722 rierunt
587 1680 796 1721 Adversus
833 1680 984 1719 Omnes
1012 1679 1214 1720 Haereses
1249 1680 1429 1733 proferre
1464 1678 1672 1730 licuisset,
1708 1689 1810 1732 quos
1844 1689 1935 1718 sese

398 1763 612 1815 scripsisse
654 1763 827 1800 testatus
868 1759 917 1800 (10
952 1759 1036 1799 Vir.
1072 1758 1221 1800 Illustr.
1258 1773 1292 1799 c.
1323 1758 1437 1811 100.,
1477 1772 1527 1798 ex
1569 1771 1698 1813 eoque
1731 1757 1936 1799 Honorius

398 1840 784 1895 Augustoduncnsis
821 1838 870 1879 (10
906 1838 1072 1892 Scriptt.
1110 1839 1264 1880 Eccles.
1297 1839 1350 1891 II,
1386 1839 1451 1879 97.
1490 1842 1531 1879 et
1560 1838 1645 1879 Ioh.
1684 1837 1936 1879 Trithemius

399 1935 487 1976 cap.
513 1920 618 1967 188„
641 1919 705 1959 cui
728 1919 894 1973 quidem
915 1920 1008 1973 ipsi,
1039 1923 1081 1958 ut·
1108 1932 1176 1959 eos
1203 1919 1376 1972 videret,
1406 1932 1490 1960 non
1519 1919 1740 1971 contigisse
1761 1916 1937 1969 videtur,

400 2015 492 2042 cum
513 2001 679 2040 initium
698 1999 792 2040 libri
813 2013 895 2040 non
919 1998 1116 2039 retulerit.
1162 1999 1273 2039 Nihil
1297 2001 1406 2039 enim
1428 2001 1571 2040 contra
1590 1998 1691 2038 haec
1712 2001 1799 2038 tam
1819 1996 1936 2038 lucu-

398 2081 509 2121 lenta
528 2081 765 2120 testimonia
780 2079 917 2119 effecit
934 2079 1013 2119 Iac.
1032 2079 1289 2131 Sirmondus,
1307 2078 1525 2132 singularis
1543 2091 1778 2132 quanquam
1799 2076 1937 2118 erudi-

397 2162 522 2201 tionis
544 2163 586 2200 et
606 2160 818 2199 exercitati
840 2158 981 2198 iudicii
1002 2160 1078 2207 vir,
1098 2158 1251 2199 Hister.
1273 2158 1571 2199 Praedestinat.
1595 2171 1680 2212 cap.
1705 2157 1742 2199 6.
1767 2170 1817 2197 ex
1837 2156 1937 2198 sub-

399 2239 619 2295 scriptione
643 2238 795 2279 codicis
816 2252 891 2278 ms.
915 2238 954 2278 S.
972 2238 1164 2289 Victoris,
1189 2240 1225 2277 iu
1251 2253 1328 2292 quo
1347 2239 1567 2292 Augustini
1586 2237 1690 2279 liber
1712 2237 1760 2278 de
1781 2237 1937 2279 Haere-

400 2319 512 2361 sibus
534 2320 786 2369 continetur,
809 2322 951 2359 contra
972 2318 1235 2370 Mauguinuin
1257 2319 1293 2358 V
1296 2318 1420 2359 indic.
1442 2317 1739 2359 Praedestinat.
1764 2321 1806 2358 et
1827 2317 1936 2359 Grat.

400 2399 496 2441 diss
519 2399 584 2450 IL,
606 2412 695 2453 pag.
719 2397 812 2438 528.
835 2398 1008 2452 probare
1032 2403 1202 2438 conatus
1233 2398 1494 2439 Gennadium
1521 2401 1684 2452 praeter
1712 2398 1848 2452 capita
1867 2396 1939 2437 illa

400 2479 449 2520 de
469 2478 631 2519 haeresi
651 2477 910 2529 Nestor-iana,
936 2476 1208 2530 Eutychiana,
1228 2477 1622 2530 Praedestinatiana,
1652 2475 1938 2528 Timotheana‚

400 2572 502 2613 quae
523 2557 643 2611 vulgo
666 2559 926 2612 reperiuntur
946 2557 1165 2610 Augustini
1188 2557 1236 2598 (10
1253 2558 1505 2599 Haeresibus
1520 2555 1650 2599 libelli
1669 2557 1713 2597 in
1730 2555 1842 2597 calce
1863 2554 1938 2596 ad-

400 2638 504 2691 dita,
536 2641 757 2690 extantque
787 2639 911 2677 etiam
939 2636 982 2676 in
1011 2637 1091 2677 fine
1118 2636 1247 2678 libelli
1275 2639 1351 2680 sub
1372 2638 1613 2692 Hieronymi
1639 2637 1806 2678 nomine
1833 2649 1857 2676 a
1878 2634 1938 2676 Cl.

398 2717 594 2759 Menardo
616 2717 730 2769 editi,
752 2716 855 2757 nihil
878 2718 1044 2757 omnino
1067 2716 1116 2756 de
1138 2716 1377 2759 haeresibus
1399 2718 1625 2772 scripsisse.

482 2808 598 2851 Halis
621 2808 831 2850 Saxonum
850 2807 972 2849 XXV.
996 2807 1060 2847 die
1082 2807 1175 2848 Iulii
1194 2808 1455 2851 MDCCCLV.

768 2905 802 2938 θ
1299 2937 1587 2985 Franciseus
1620 2935 1806 2990 oehler.
