2052 3374
763 175 984 201 PRAEFATIO.
1567 177 1645 218 193

97 280 210 335 ipsas
229 280 386 334 primas
406 278 528 320 huius
550 278 705 321 laboris
727 281 810 320 mei
830 284 982 334 partes,
1004 279 1075 321 ubi
1098 284 1160 321 est
1181 282 1260 321 ista
1280 279 1549 335 praelocutio,
1573 294 1644 321 cu-

96 349 185 389 ravi
204 351 298 388 tuae
320 349 481 389 caritati
501 349 545 389 in
561 348 713 390 auxilio
732 347 888 389 domini
906 348 1133 390 accelerare
1150 349 1395 390 mittendas:
1417 354 1462 390 111
1478 354 1646 404 propter

96 415 169 457 illa
189 429 291 470 quae
313 421 473 457 restant
493 418 690 458 noveritis
713 421 913 471 quantum
934 432 1006 472 pro
1029 431 1094 458 me
1114 431 1228 458 orare
1247 418 1447 471 debeatis,
1469 420 1644 472 quicun-

97 497 175 539 que
202 499 326 527 nosse
354 487 572 540 potueritis
601 500 623 526 a
651 499 716 526 me
743 487 827 526 iam
854 485 983 526 fuisse
1013 492 1253 541 susceptum
1281 486 1356 528 1106
1385 492 1471 528 13111
1492 486 1644 540 grande

95 555 327 607 negotium,
356 553 466 607 quod
494 568 517 594 a
544 568 610 595 me
641 554 885 595 desideratis
907 554 1083 608 impleri.
1132 554 1246 596 Petis
1269 569 1383 608 ergo,
1413 555 1524 610 quod
1550 560 1644 596 tuae

68 675 73 680 .
94 621 284 663 indicant
310 621 473 662 litterae
503 636 604 676 quas
626 623 678 664 ad
698 637 764 664 me
787 622 939 663 dedisti
961 636 1055 663 cum
1074 625 1255 678 primum
1278 638 1301 664 a
1321 638 1386 664 me
1407 629 1549 679 petere
1566 626 1647 665 ista.

97 691 284 745 coepisti,
304 694 350 731 ut
371 704 575 746 exponam
596 691 797 744 breviter,
818 692 1034 746 perstricte
1058 696 1179 745 atque
1203 694 1464 746 summatim,
1495 708 1543 734 ex
1566 708 1644 747 quo

96 758 331 800 Christiana
351 759 493 813 religio
515 761 742 815 promissae
764 759 1031 801 haereditatis
1052 773 1205 801 nomen
1226 763 1400 816 accepit,
1424 775 1527 816 quae
1545 762 1643 803 hae-

93 840 208 869 reses
228 827 403 881 fuerint,
425 829 529 881 sint,
551 842 651 882 quos
674 842 830 869 errores
852 828 1082 880 intulerint,
1104 829 1305 881 inferant,
1327 829 1427 883 quid
1448 831 1645 872 adversus

97 895 343 938 catholicam
364 896 584 938 ecclesiam
606 898 830 949 senserint,
860 898 1062 949 sentiant,
1092 896 1141 937 de
1164 897 1265 950 fide,
1294 897 1343 938 de
1365 900 1571 951 trinitate,
1595 899 1644 940 de

94 965 322 1020 baptismo,
350 965 400 1007 de
429 967 705 1020 paenitentia,
733 965 782 1006 de
804 965 971 1006 homine
995 965 1177 1013 Christo,
1207 965 1256 1007 de
1285 966 1360 1007 deo
1384 967 1565 1020 Christo,
1596 967 1644 1009 de

93 1023 416 1087 resurrectione,
445 1034 494 1075 de
516 1048 622 1076 novo
645 1038 685 1074 et
705 1035 835 1074 veteri
855 1038 1120 1075 testamento.
1172 1034 1277 1076 Istas
1307 1040 1446 1076 autem
1468 1038 1644 1090 inquisi-

92 1103 228 1144 tiones
249 1108 342 1144 tuas
362 1104 406 1143 in
427 1104 678 1144 immensum
699 1102 921 1158 procedere
945 1117 1039 1144 cum
1053 1103 1230 1157 videres,
1252 1106 1407 1159 putasti
1430 1105 1647 1146 cuiusdam

94 1171 376 1225 generalitatis
393 1170 675 1212 adhibendum
693 1185 783 1212 esse
802 1163 1112 1226 compendium,
1129 1177 1250 1226 atque
1270 1173 1424 1226 dixisti,
1440 1173 1492 1214 Et
1509 1176 1646 1215 omnia

95 1241 263 1282 omnino
287 1240 436 1294 quibus
460 1254 485 1281 a
499 1241 673 1281 veritate
692 1239 957 1281 dissentiunt.
990 1240 1148 1281 Deinde
1161 1241 1374 1294 addidisti,
1393 1243 1503 1292 Quae
1521 1244 1646 1284 etiam

94 1308 348 1364 baptismum
367 1308 562 1362 habeant,
585 1322 739 1363 quaeve
761 1323 845 1350 non
865 1309 1059 1361 habeant,
1083 1314 1122 1350 et
1142 1314 1236 1364 post
1254 1324 1354 1364 quas
1371 1310 1554 1366 baptizet
1570 1325 1645 1353 nec

93 1381 234 1419 tamen
254 1377 483 1432 rebaptizet
505 1377 694 1431 ecclesia,
717 1377 892 1432 qualiter
915 1379 1115 1432 suscipiat
1130 1380 1361 1432 venientes,
1383 1384 1425 1420 et
1441 1380 1542 1434 quid
1559 1382 1644 1422 sin-

95 1446 201 1501 gulis
222 1445 332 1500 lege,
354 1447 597 1488 auctoritate
620 1450 742 1500 atque
764 1448 920 1487 ratione
942 1446 1204 1501 respondeat.
1256 1448 1368 1489 Haec
1392 1451 1531 1490 omnia
1553 1463 1647 1491 cum

96 1516 258 1570 quaeris
279 1518 326 1555 ut
346 1518 606 1570 exponantur
628 1529 651 1554 a
670 1528 751 1567 me,
772 1516 899 1555 miror
921 1514 1179 1556 luculentum
1198 1517 1413 1570 ingenium
1441 1521 1559 1559 tuum
1586 1523 1647 1560 tot

95 1587 387 1638 tantarumque
408 1597 547 1624 rerum
569 1588 610 1624 61
630 1584 744 1624 sitire
774 1584 1011 1636 veritatem,
1040 1588 1080 1624 et
1108 1584 1322 1625 fastidium
1349 1587 1432 1626 iam
1459 1586 1644 1629 timendo

95 1665 265 1708 poscere
288 1652 547 1693 brevitatem.
599 1651 679 1693 Sed
708 1651 852 1693 xidisti
884 1653 1007 1692 etiam
1036 1654 1125 1707 ipse
1149 1653 1249 1707 quid
1269 1654 1344 1695 hoc
1368 1654 1456 1696 1060
1479 1669 1646 1710 possem

95 1724 189 1762 tuae
210 1720 332 1762 huius
355 1720 553 1776 epistolae
576 1721 774 1774 cogitare,
803 1727 842 1761 61
866 1722 982 1774 quasi
1011 1721 1229 1774 vigilanter
1251 1725 1467 1765 occurristi
1490 1726 1643 1778 cogita-

95 1790 201 1832 tioni
220 1803 359 1843 meae,
387 1789 550 1843 dicens,
576 1788 661 1830 Nec
692 1803 757 1830 me
786 1794 925 1830 tantae
954 1789 1165 1831 beatitudo
1195 1798 1266 1831 tua
1288 1792 1429 1833 credat
1448 1794 1644 1847 ineptiae,

94 1861 142 1900 111
159 1871 245 1900 11011
264 1859 486 1913 inspiciam
508 1859 673 1912 quantis
695 1863 736 1898 et
758 1871 881 1911 quam
901 1858 1140 1911 ingentibus
1158 1859 1438 1902 voluminibus
1457 1876 1558 1917 opus
1577 1863 1645 1915 sit,

95 1930 142 1968 ut
160 1927 323 1982 possint
342 1928 423 1968 ista
445 1926 627 1968 dissolvi.
665 1926 820 1967 Verum
840 1926 914 1968 hoc
938 1940 1011 1981 ego
1035 1928 1121 1968 fieri
1142 1942 1226 1970 non
1249 1935 1439 1984 expect03
1469 1930 1512 1971 id
1535 1933 1647 1972 enim

94 1994 380 2050 multipliciter
399 1996 554 2036 factum
576 2008 666 2036 esse
689 2008 771 2035 non
794 1994 950 2037 dubito.
981 1996 1032 2036 Et
1052 2002 1252 2051 tanquam
1273 1999 1493 2040 consilium
1515 2000 1644 2040 subii-

97 2065 225 2118 ciens,
246 2058 326 2118 quo
346 2063 468 2105 modo
490 2064 622 2118 possit
642 2068 682 2103 et
704 2065 859 2104 servari
882 2064 1061 2106 brevitas
1084 2071 1125 2106 61
1145 2067 1467 2122 veritaspandi,
1497 2068 1643 2109 adiun—

95 2133 157 2187 gis
183 2146 234 2174 ea
258 2131 387 2174 verba
414 2145 517 2187 quae
546 2131 667 2187 paulo
698 2137 792 2172 ante
821 2134 903 2173 iam
932 2135 1071 2187 posui,
1101 2138 1141 2174 61
1179 2128 1309 2188 dicis,
1340 2135 1423 2177 sed
1452 2136 1645 2189 breviter,

96 2202 314 2256 perstricte
336 2204 458 2255 atque
481 2201 720 2242 summatim
743 2202 958 2255 opiniones
976 2215 1071 2256 rogo
1095 2203 1316 2245 cuiuslibet
1331 2204 1514 2246 haeresis
1532 2208 1644 2260 poni,

97 2273 139 2310 et
157 2269 257 2325 quid
277 2273 421 2312 contra
440 2272 581 2310 teneat
601 2268 776 2310 ecclesia
797 2269 1011 2323 catholica,
1034 2276 1234 2325 quantum
1254 2274 1521 2315 instructioni
1543 2276 1643 2316 satis

99 2341 163 2380 est
181 2337 317 2380 subdi.
366 2337 470 2380 Ecce
492 2339 643 2378 iterum
663 2338 794 2378 mittis
816 2339 860 2378 in
879 2338 1061 2393 longum,
1082 2354 1165 2382 non
1188 2343 1284 2395 quia
1306 2341 1387 2383 dici
1408 2344 1489 2384 ista
1504 2343 1642 2385 brevi-

96 2410 159 2448 ter
179 2408 266 2448 sive
287 2420 372 2449 non
391 2406 533 2448 valent
554 2407 639 2447 sive
662 2420 746 2447 non
769 2406 941 2460 debent,
971 2408 1046 2450 sed
1074 2411 1169 2463 quia
1199 2415 1283 2450 tam
1304 2410 1434 2451 multa
1455 2416 1571 2464 sunt,
1599 2416 1645 2452 ut

99 2475 326 2531 quamlibet
343 2474 525 2516 breviter
547 2474 722 2516 dicenda
742 2475 892 2516 multas
914 2475 1072 2518 litteras
1102 2477 1307 2531 flagitent:
1336 2483 1380 2519 tu
1411 2484 1571 2533 autem,
1598 2484 1645 2520 ut

97 2543 210 2585 velut
230 2543 430 2599 quodam,
451 2544 610 2597 inquiS,
633 2556 681 2583 ex
705 2543 895 2585 omnibus
917 2549 1116 2600 concepto
1140 2549 1472 2600 commonitorio,
1495 2550 1529 2588 si
1552 2550 1642 2602 quis

99 2611 278 2667 aliquam
299 2611 575 2654 obiectionem
595 2616 666 2651 aut
687 2613 991 2654 convictionem
1014 2614 1202 2667 uberius,
1225 2615 1388 2670 plenius
1409 2630 1455 2656 ac
1477 2615 1642 2671 planius

101 2693 222 2723 nosse
241 2679 438 2733 voluerit,
466 2680 518 2721 ad
547 2679 742 2735 opulenta
770 2686 810 2721 et
837 2682 1057 2735 magnifica
1085 2682 1297 2724 volumina
1323 2686 1642 2738 transmittatur,

100 2748 248 2803 quibus
268 2763 294 2790 a
314 2748 509 2801 (liversis,
538 2751 579 2789 et
599 2750 840 2803 praecipue,
868 2751 1027 2804 inquis,
1055 2765 1079 2791 a
1104 2753 1371 2802 ‚veneratione
1401 2757 1472 2794 tua
1500 2755 1543 2794 in
1566 2753 1641 2794 hoc

98 2816 235 2872 ipsum
255 2821 419 2860 constat
438 2831 528 2858 esse
551 2816 820 2857 elaboratum.
852 2818 962 2867 Quae
986 2832 1079 2859 611111
1101 2818 1219 2872 dieis,
1241 2833 1367 2861 unum
1392 2823 1509 2875 quasi
1527 2835 1639 2863 com-

98 2887 363 2928 monitorium
393 2886 443 2927 de
474 2886 538 2927 his
571 2885 762 2926 omnibus
794 2890 833 2925 16
865 2885 1098 2927 desiderare
1131 2889 1351 2941 significas.
1403 2889 1510 2930 Audi
1545 2903 1638 2944 ergo

100 2952 207 2995 unde
228 2956 528 2996 commonearis
551 2953 650 3009 quid
671 2958 800 3008 petas.
832 2953 1058 3009 Opiniones
1081 2957 1266 2998 omnium
1286 2957 1639 3012 philosophorum,

102 3022 172 3075 qui
190 3026 326 3064 sectas
345 3024 480 3065 varias
502 3022 796 3074 condiderunt,
823 3035 953 3077 usque
975 3023 1027 3064 ad
1048 3028 1233 3080 tempora
1254 3039 1329 3067 sua
1350 3025 1361 3078 (
1374 3040 1505 3080 neque
1527 3029 1639 3069 enim

1334 3091 1371 3125 13
