2052 3374
0 2910 21 3374 :I——dd-fio
11 2876 13 2895 -
8 2754 13 2859 -.—
7 2655 11 2726 ...-.
7 2608 9 2622 n

1614 201 1690 242 191

140 307 222 348 rias
243 307 369 347 etiam
391 304 630 361 ²0pini0nes
652 305 925 359 adiungerent
946 306 1132 359 ritusque
1155 304 1431 346 subiicerent:
1454 308 1543 345 tum
1572 303 1690 346 deni-

141 388 219 431 que
241 389 343 431 opus
364 373 469 415 illud
488 376 703 429 utriusque
726 374 1010 428 qualecunque
1033 375 1108 426 sit,
1135 388 1219 415 non
1244 373 1371 415 habet
1391 374 1579 415 fortassis
1601 387 1691 414 eam

141 457 265 498 quam
285 442 473 485 desidero
496 442 754 484 brevitatem.
805 443 833 483 F
837 448 974 483 rustra
1001 444 1127 483 etiam
1152 442 1309 483 homini
1339 444 1407 496 qui
1434 442 1581 483 Latina
1607 455 1691 483 non

142 511 289 554 didicit
301 512 456 554 Graeca
470 511 667 553 facundia
679 511 910 565 delegatum
933 512 1029 565 quia
1050 525 1133 552 non
1156 524 1227 564 ego
1250 511 1535 552 tantummodo
1554 512 1690 552 consi-

139 579 256 634 lium,
277 580 351 622 sed
372 584 414 621 et
433 579 633 621 auxilium
654 580 873 635 postulavi.
908 579 1014 629 Quid
1030 584 1168 620 autem
1183 582 1494 621 venerationem
1509 585 1624 621 tuam
1642 579 1691 620 de

140 650 413 704 interpretum
440 663 524 691 non
551 648 685 690 solum
715 647 982 701 difficultate,
1014 647 1087 689 sed
1115 649 1239 688 etiam
1269 648 1520 689 obscuritate
1549 648 1690 689 adino-

141 731 276 771 neam,
298 731 393 759 cum
413 719 501 772 ipse
523 717 599 759 hoc
621 718 752 771 magis
774 731 821 758 ac
842 716 963 772 plene
987 714 1216 757 diiudices?
1257 717 1430 758 Accedit
1452 717 1504 758 ad
1527 731 1692 758 causam

142 785 252 841 quod
272 786 496 828 nonnullae
518 787 644 827 etiam
664 790 759 841 post
779 785 946 827 illorum
967 785 1126 827 obitum
1146 784 1339 826 haereses
1369 787 1589 827 emersisse
1620 786 1691 827 do-

143 858 327 909 ceantur,
348 868 522 910 quorum
542 854 702 896 nullam
721 853 784 895 illi
804 854 982 895 fecerint
1000 854 1268 895 mentionem.

227 923 505 974 Quamobrem
533 923 585 964 ad
611 922 819 978 peculiare
854 923 1135 978 patrocinium
1162 923 1331 977 pietatis
1362 928 1456 963 tuae
1490 923 1693 977 confugio,

143 996 184 1034 et
202 1006 303 1034 voce
323 1006 436 1045 mea,
465 991 539 1033 sed
559 991 785 1033 universali
813 991 1037 1045 desiderio,
1066 995 1258 1046 paratum
1286 991 1338 1032 ad
1366 991 1693 1033 misericordiam

143 1065 454 1103 sacrosanctum
473 1062 641 1116 pietatis
662 1064 809 1116 pectus
832 1059 1016 1115 appello,
1038 1061 1309 1114 sequestratis
1332 1060 1551 1116 saporibus
1574 1074 1692 1116 pere-

143 1131 287 1184 grinis,
308 1129 568 1172 considerato
588 1134 706 1170 textu
726 1131 876 1184 prioris
893 1128 1106 1184 epistolae,
1127 1142 1278 1184 panem
1294 1130 1457 1182 Afrum,
1480 1143 1601 1183 quem
1620 1143 1692 1170 no-

144 1203 230 1239 stra.
248 1199 463 1254 provincia
484 1197 588 1239 solet
607 1197 759 1240 habere
781 1199 1063 1253 praecipuum,
1085 1197 1253 1238 caelesti
1275 1199 1397 1239 etiam
1419 1212 1573 1239 manna
1596 1212 1694 1239 con-

144 1266 291 1320 ditum,
311 1280 402 1309 sero
423 1266 609 1323 pulsanti
630 1271 672 1307 et
691 1266 846 1308 famam
861 1268 1036 1322 patienti
1053 1280 1138 1308 non
1157 1266 1347 1320 deneges.
1378 1267 1567 1308 Profecto
1586 1269 1697 1308 enim

143 1349 221 1377 nec
243 1349 316 1389 ego
337 1335 502 1391 pulsare
525 1335 711 1388 cessabo,
734 1335 862 1377 donec
886 1337 975 1391 ipse
998 1335 1219 1377 concedas:
1249 1340 1295 1376 ut
1327 1335 1437 1390 quod
1457 1349 1541 1377 non
1564 1337 1695 1391 impe-

143 1408 226 1445 t'rat
244 1403 521 1460 privilegium,
541 1404 612 1446 ubi
632 1404 795 1446 nullum
816 1409 879 1446 est
899 1405 1091 1446 meritum
1104 1437 1114 1457 7
1142 1403 1287 1446 saltem
1310 1404 1519 1445 indefessa
1540 1406 1695 1459 impor—

143 1474 301 1515 tunitas
320 1477 540 1515 mereatur.

213 1597 245 1632 2.
261 1596 360 1634 MSS.
379 1598 443 1632 duo
459 1598 714 1643 responsiones.
763 1597 923 1643 (Bened.)
