2052 3374
666 166 717 192 DE
735 163 969 191 HAERESIBUS
987 160 1108 188 LIBER.
1577 151 1657 192 215

122 284 280 324 sionem
299 279 351 321 de
371 276 529 332 psalmo
552 274 623 316 ubi
643 272 809 325 legitur:
833 268 905 310 lIn
926 266 1010 309 sole
1031 265 1170 320 posuit
1187 257 1503 304 tabernaculum
1524 267 1655 296 suum.

121 349 282 404 Negant
301 347 427 388 etiam
447 342 654 386 visibilem
675 337 923 396 paradisum.
970 334 1232 390 Baptismum
1253 331 1298 371 in
1318 341 1423 382 aqua
1441 338 1526 367 non
1547 323 1656 365 acci-

122 419 254 475 piunt.
303 413 662 456 Resurrectionem
688 422 771 449 non
797 408 943 462 putant
971 403 1172 453 futuram,
1201 397 1275 440 sed
1303 394 1484 452 quotidie
1507 393 1595 434 fieri
1615 393 1659 432 in

125 485 389 541 generatione
410 481 600 523 filiorum.

207 552 481 597 Proclianitae
509 548 639 590 secuti
669 549 765 586 sunt
790 545 912 593 istos,
940 544 982 581 et
1000 537 1248 581 addiderunt
1268 533 1478 576 Christum
1507 543 1591 571 non
1619 530 1663 570 in

125 636 248 666 carne
269 622 446 664 venisse.

159 707 163 711 ·
207 690 451 740 Patriciani,
478 701 502 728 a
528 684 706 728 Patricio
734 679 980 734 nuncupati,
1009 674 1283 718 substantiam
1305 672 1438 713 carnis
1459 668 1664 710 humanae

126 774 212 804 non
230 774 257 802 a
275 758 374 811 deo,
401 756 476 798 sed
496 769 520 796 a
540 751 702 796 diabolo
725 748 935 792 conditam
956 746 1119 797 dicunt,
1151 755 1323 796 eamque
1346 741 1404 782 sic
1427 736 1664 791 fugiendam

127 834 170 873 et
189 825 476 872 detestandam
495 825 656 878 putant,
677 823 723 860 ut
742 816 911 872 quidam
931 827 1072 857 eorum
1086 811 1380 868 perhibeantur
1397 808 1521 848 etiam
1535 808 1666 846 morte

128 897 234 940 ¹sibi
251 895 369 939 illata
388 906 527 937 carere
548 902 670 933 carne
691 887 881 930 voluisse.

212 966 380 1008 Ascitae
409 961 460 1004 ab
487 965 578 1002 utre
607 960 667 1000 sic
695 954 890 1011 appellati
918 955 1014 994 sunt
1043 949 1178 1005 (ἄσκος
1205 947 1317 989 enim
1347 945 1502 987 Graece
1523 941 1667 982 Latine

130 1039 221 1078 uter
237 1031 402 1086 dicitur)
413 1063 424 1084 ,
447 1043 570 1085 quem
584 1024 854 1083 perhibentur
870 1021 1060 1063 inflatum
1075 1022 1115 1059 et
1133 1025 1321 1073 opertum
1338 1012 1552 1054 circumire
1571 1010 1667 1050 bac-

133 1103 320 1161 chantes,
340 1106 539 1154 tanquam
558 1097 639 1152 ipsi
661 1095 745 1135 sint
765 1089 993 1144 evangelici
1014 1093 1126 1129 utres
1147 1086 1243 1127 novi
1264 1085 1359 1124 vino
1381 1094 1487 1123 novo
1509 1077 1668 1133 repleti.

214 1167 600 1223 Passalorynchitae
621 1166 665 1205 in
684 1168 848 1205 tantum
868 1159 1032 1201 silentio
1055 1154 1242 1206 student,
1271 1156 1316 1194 ut
1342 1149 1513 1192 naribus
1543 1151 1584 1187 et
1609 1145 1670 1186 Ia-

137 1242 214 1285 biis
233 1240 320 1282 suis
341 1238 517 1291 digitum
537 1236 760 1290 opponant,
782 1243 833 1271 ne
854 1228 919 1270 vel
941 1229 1074 1283 ipsam
1093 1222 1419 1265 taciturnitatem
1433 1230 1533 1259 voce
1551 1228 1669 1271 prae-

134 1311 300 1367 ripiant,
320 1305 484 1362 quando
506 1301 729 1346 tacendum
749 1298 829 1342 sibi
852 1310 941 1339 esse
958 1295 1223 1344 arbitrantur,
1243 1289 1354 1330 unde
1372 1288 1497 1327 etiam
1512 1284 1593 1326 illis
1612 1286 1673 1324 est

135 1391 288 1423 nomen
306 1375 504 1424 inditum;
525 1370 726 1418 πάσσαλος
747 1368 858 1410 enim
879 1366 1027 1407 dicitur
1051 1363 1203 1404 Graece
1224 1357 1358 1413 palus,
1380 1359 1420 1396 et
1441 1353 1578 1413 ῥύγχος
1599 1365 1672 1393 na-

136 1461 220 1491 sus.
250 1445 332 1488 Cur
351 1449 489 1486 autem
511 1455 584 1496 per
604 1438 745 1496 palum
766 1436 940 1490 digitum
960 1430 1191 1485 significare
1212 1426 1455 1476 maluerint,
1482 1437 1505 1463 a
1527 1420 1674 1475 quibus

136 1517 213 1560 hoc
233 1527 386 1558 nomen
407 1511 680 1566 compositum
699 1509 777 1559 est,
797 1503 957 1554 nescio,
988 1513 1082 1542 cum
1104 1498 1259 1540 Graece
1281 1497 1322 1536 et
1344 1493 1503 1534 dicatur
1525 1490 1675 1543 digitus

139 1579 357 1636 δάκτυλος,
392 1584 434 1623 et
466 1580 629 1637 possint
669 1576 809 1629 utique
843 1566 1231 1625 Dactylorynchitae
1274 1561 1402 1605 multo
1444 1558 1676 1601 evidentius

138 1652 381 1709 nuncupari.

224 1721 396 1776 Aquarii
417 1732 468 1760 ex
492 1716 567 1758 hoc
595 1712 793 1770 appellati
821 1714 937 1762 sunt,
965 1705 1074 1762 quod
1103 1715 1251 1759 aquam
1274 1700 1451 1742 offerunt
1470 1699 1514 1739 in
1533 1694 1679 1751 poculo

143 1788 407 1841 sacramenti,
427 1800 512 1828 non
532 1783 635 1826 illud
655 1781 765 1836 quod
786 1780 920 1821 omnis
941 1775 1127 1818 ecclesia.

227 1857 461 1902 Coluthiani
490 1869 515 1895 a
546 1851 724 1907 quodam
754 1846 946 1899 Colutho,
987 1845 1055 1899 qui
1087 1840 1251 1884 dicebat
1281 1837 1403 1880 deum
1433 1847 1518 1877 non
1548 1834 1681 1875 facere

143 1927 272 1978 mala3
294 1930 438 1969 contra
459 1922 561 1964 illud
582 1919 691 1975 quod
713 1918 913 1973 scriptum
933 1918 1008 1967 est,
1030 1912 1136 1966 1Ego
1161 1910 1262 1951 deus
1284 1919 1428 1948 creans
1448 1903 1570 1946 mala.

228 1995 452 2039 Floriniani
465 1991 676 2040 aFlorino,
699 1988 767 2041 qui
785 2000 804 2026 e
833 1984 1034 2026 contrario
1059 1978 1222 2022 dicebat
1238 1977 1361 2018 deum
1379 1987 1540 2015 creasse
1557 1970 1685 2021 mala3

147 2069 290 2109 contra
309 2063 353 2106 id
374 2061 483 2117 quod
504 2060 705 2113 scriptum
723 2060 798 2107 est,
821 2052 952 2094 ¹Fecit
970 2051 1069 2092 deus
1088 2048 1239 2099 omnia,
1261 2050 1300 2087 et
1317 2057 1413 2086 ecce
1430 2042 1537 2084 bona
1552 2039 1684 2082 valde.

149 2136 208 2178 Ac
228 2147 302 2190 per
320 2132 400 2174 hoc
420 2129 609 2185 quamvis
632 2123 834 2167 contraria
856 2123 962 2162 inter
983 2133 1026 2161 se
1048 2119 1255 2168 dicentes,
1275 2119 1415 2155 tamen
1437 2110 1557 2152 ambo
1580 2108 1684 2150 divi-

149 2205 215 2246 nis
235 2201 409 2256 eloquiis
431 2196 694 2240 resistebant.
727 2192 846 2233 Creat
868 2191 979 2231 enim
1000 2187 1101 2229 deus
1122 2185 1245 2237 mala,
1265 2195 1420 2238 poenas
1436 2179 1686 2222 iustissimas

150 2269 390 2327 irrogando;
420 2265 530 2322 quod
551 2262 750 2306 Coluthus
772 2273 855 2302 non
875 2257 1062 2300 videbat:
1091 2268 1175 2296 non
1201 2257 1339 2294 autem
1357 2248 1487 2292 malas
1511 2244 1686 2289 creando

153 2345 322 2384 naturas
342 2342 465 2391 atque
488 2332 755 2381 substantias,
777 2331 819 2370 in
842 2331 1040 2382 quantum
1058 2328 1153 2366 sunt
1170 2326 1339 2364 naturae
1357 2323 1478 2373 atque
1495 2316 1688 2358 substan—

153 2411 258 2460 tiae3
278 2407 352 2449 ubi
371 2405 561 2447 Florinus
584 2399 758 2442 errabat.

237 2475 454 2520 Haeresim
475 2470 682 2527 quandam
704 2469 791 2509 sine
814 2469 975 2507 auctore
997 2467 1036 2504 et
1059 2463 1146 2504 sine
1168 2460 1334 2501 nomine
1354 2455 1558 2498 Philaster
1579 2465 1690 2494 com-

154 2548 370 2597 memorat,
390 2555 495 2597 quae
517 2540 615 2581 dicit
636 2538 744 2578 hunc
761 2533 961 2576 mundum
978 2533 1102 2572 etiam
1120 2533 1211 2585 post
1229 2525 1568 2568 resurrectionem
1584 2535 1690 2562 mor-

158 2619 322 2657 tuorum
352 2613 396 2653 in
427 2609 572 2652 eodem
601 2611 729 2656 statu,
756 2605 799 2645 in
820 2616 898 2657 quo
919 2614 1028 2642 nunc
1051 2603 1132 2651 est,
1160 2610 1249 2638 esse
1270 2605 1531 2643 mansurum,
1559 2602 1691 2643 neque

158 2685 218 2725 ita
236 2694 327 2724 esse
346 2677 607 2727 mutandum,
628 2678 672 2716 ut
693 2673 746 2713 sit
767 2670 926 2713 caelum
944 2681 1098 2710 novum
1119 2670 1160 2706 et
1179 2669 1291 2706 terra,
1309 2674 1428 2712 nova,
1450 2661 1557 2701 sicut
1572 2657 1691 2698 1san-

162 2755 230 2794 cta.
247 2751 452 2805 scriptura
471 2744 686 2802 promittit.

251 2851 333 2896 Gap.
347 2848 438 2884 LIX.
455 2867 499 2873 -—
525 2847 554 2880 1.
568 2844 659 2879 Psal.
674 2841 798 2889 XVIII.
814 2841 844 2874 6.

252 2895 336 2942 Gap,
349 2894 441 2930 LXI.
457 2913 502 2918 —
528 2893 557 2926 1.
575 2891 616 2924 In
633 2888 730 2921 MSS.
746 2891 854 2920 morte
870 2885 1006 2919 sibimet
1021 2881 1126 2916 illata.
1175 2876 1333 2923 (Bened.)

252 2941 334 2987 Gap.
348 2939 454 2975 LXV.
471 2958 515 2964 —
541 2938 571 2970 1.
586 2935 680 2970 Esai.
695 2932 799 2968 XLV.
811 2931 842 2964 7.

253 2986 335 3032 Gap.
351 2984 473 3020 LXVI.
490 3003 534 3009 --
560 2982 588 3016 1.
607 2980 692 3015 Gen.
709 2978 735 3013 Ι.
751 2978 805 3012 31.

255 3031 337 3077 Gap.
351 3028 489 3066 LXVII.
506 3049 549 3054 —
576 3027 604 3061 1.
619 3024 710 3059 Esai.
726 3022 830 3058 XLV.
851 3021 901 3056 17.
941 3020 960 3054 ‘2
977 3019 1064 3054 Petr.
1082 3016 1137 3051 111.
1157 3015 1207 3050 13.
1239 3012 1379 3060 Apocal.
1397 3009 1495 3045 XXI.
1518 3010 1544 3042 1.

1687 538 1753 569 Cap.
1774 536 1827 561 Lx.

1690 675 1756 707 Cap.
1775 674 1844 699 LXI.

1694 949 1759 981 Cap.
1779 948 1862 973 LXII.

1697 1156 1761 1187 Cap.
1782 1154 1880 1179 Lxur.

1706 1714 1773 1747 Cap.
1791 1713 1885 1738 LXIV.

1708 1852 1774 1884 Cap.
1793 1851 1872 1876 LXV.

1711 1991 1774 2023 Cep.
1793 1989 1890 2016 LXVI.

1717 2473 1783 2504 Cap.
1801 2472 1885 2497 nvn.
