2052 3374
665 232 715 257 DE
734 233 968 262 HAERESIBUS
986 236 1108 264 LIBER.
1607 245 1658 291 83

112 327 174 367 ria
192 328 407 382 scripturis
429 334 639 375 canonicis
660 339 859 392 sentiunt,
879 344 1001 395 atque
1023 342 1224 397 paulatim
1245 344 1537 402 dogmatizant,
1559 364 1657 392 con-

111 397 174 434 tra
199 394 293 436 3eas
323 396 469 440 dantes
499 406 750 458 sententias,
781 412 923 449 contra
951 409 1084 463 legem
1115 417 1155 452 et
1181 414 1404 468 prophetas
1435 422 1657 474 contraque

107 460 427 518 fdispositiones
456 467 789 515 beatissimorum
818 478 1121 530 apostolorumc
1151 483 1338 524 consulta
1368 496 1596 541 ponentes,
1636 502 1657 530 e

109 530 257 584 quibus
279 539 377 574 sunt
395 538 574 579 maxime
596 540 840 597 Manichaei,
865 545 1064 600 Gnostici,
1086 548 1335 605 Nicolaitae,
1358 554 1657 611 Valentiniani,

107 602 148 638 et
168 598 239 640 alii
261 613 386 655 quam
404 604 574 658 plurimi
585 607 615 660 d,
638 612 707 664 qui
728 613 962 667 apocrypha
982 616 1278 670 prophetarum
1300 624 1339 661 et
1360 624 1656 679 apostolorum,

105 666 148 707 id
171 674 235 708 est
252 669 383 712 Actus
405 679 642 728 separatose
662 678 863 721 habentes
894 686 1115 725 canonicas
1144 686 1276 739 legere
1307 692 1532 745 scripturas
1555 708 1653 736 con-

102 737 306 778 temnunt.
337 739 512 796 Propter
533 745 642 798 quod
663 751 865 790 statutum
882 755 945 791 est
961 751 1012 793 ab
1034 753 1249 808 5apostolis
1273 761 1312 797 et
1329 772 1471 801 eorum
1487 776 1652 805 succes-

102 804 290 846 soribusf1
315 821 398 849 non
427 809 540 853 aliud
567 812 648 867 legi
676 816 719 856 in
747 817 923 859 ecclesia
951 819 1099 862 debere
1128 824 1333 867 catholica
1356 829 1439 869 nisi
1458 829 1592 883 legem
1613 836 1654 873 et

98 873 321 928 prophetas
351 881 392 917 et
428 881 661 935 evangelia,
699 888 739 924 et
765 885 896 928 Actus
926 889 1207 943 apostolorum
1236 899 1276 934 et
1303 894 1421 936 Pauli
1451 899 1652 943 tredecim

99 942 308 996 epistolas,
330 949 372 986 et
392 952 557 1001 septem
579 950 695 1004 alias,
715 952 829 995 Petri
852 955 968 1010 duas,
989 958 1157 1001 Ioannis
1178 966 1277 1016 tres,
1298 964 1425 1006 Iudae
1447 980 1588 1021 unam,
1610 974 1652 1011 et

97 1007 249 1052 6unam
269 1011 430 1067 Iacobi,
461 1029 564 1070 quae
587 1023 752 1075 septem
772 1022 948 1071 Actibus
970 1028 1249 1081 apostolorum
1272 1034 1515 1077 coniunctae
1538 1043 1648 1080 sunt.

96 1076 331 1134 Scripturae
354 1086 493 1125 autem
516 1086 802 1144 absconditae,
824 1092 868 1133 id
889 1097 953 1134 est
973 1098 1231 1152 apocrypha,
1262 1100 1364 1142 ‘'etsi
1392 1102 1474 1156 legi
1496 1104 1650 1148 debent

94 1159 256 1190 morum
277 1163 400 1192 causa
421 1166 445 1193 a
464 1155 673 1210 perfectis,
694 1172 778 1200 non
799 1151 850 1201 ab
874 1163 1066 1205 omnibus
1089 1165 1194 1219 Slegi
1217 1167 1401 1224 debentg,
1423 1171 1544 1227 9quia
1564 1189 1647 1218 non

93 1215 370 1270 intelligent-es
391 1221 522 1263 multa
542 1224 793 1269 addiderunt
821 1233 861 1269 et
889 1230 1099 1273 tulerunth
1128 1248 1231 1289 quae
1260 1238 1478 1282 voluerimt
1498 1242 1644 1285 haere-

92 1284 177 1324 tici.
210 1283 417 1329 1⁰Haben't
431 1288 664 1335 Manichaei
674 1294 689 1327 ί.
709 1298 945 1353 apocrypha
966 1300 1077 1343 beati
1093 1303 1283 1346 Andreae
1306 1310 1496 1363 apostoli,
1517 1311 1560 1353 id
1583 1318 1647 1355 est

91 1351 221 1394 Actus
243 1368 344 1408 quos
365 1357 465 1399 fecit
485 1362 659 1403 veniens
684 1363 733 1405 de
755 1365 887 1408 Ponto
918 1369 960 1409 in
985 1370 1221 1426 Graeciam,
1252 1389 1351 1429 quos
1383 1383 1642 1436 conscripse-

89 1425 188 1463 runt
206 1422 522 1482 tunc‘discipuli
550 1436 771 1486 sequentes
801 1434 830 1458 11
841 1437 1093 1493 apostolum,
1122 1442 1232 1484 unde
1262 1448 1303 1485 et
1331 1445 1487 1490 habent
1506 1449 1641 1494 Mani-

176 1568 208 1604 3.
226 1581 283 1604 eas
301 1571 345 1606 A.
364 1583 422 1607 eos
441 1576 571 1620 reliqui.

87 1614 165 1648 cobi
179 1626 285 1650 unam
303 1618 331 1652 b.
403 1619 433 1654 7.
451 1625 485 1654 et
500 1622 570 1666 legi
587 1623 615 1656 b.

86 1660 170 1694 bent
187 1673 256 1706 eqo.
295 1662 386 1698 Nam
409 1666 491 1699 libri
507 1680 624 1704 omnes.

630 1578 660 1614 4.
680 1579 927 1625 disputationes
947 1584 974 1619 b.
1030 1585 1061 1621 5.
1079 1589 1245 1633 apostolis
1263 1591 1372 1627 beatis
1391 1598 1423 1628 et
1439 1596 1484 1632 A.

685 1625 716 1658 S.
734 1627 804 1671 legi
821 1641 880 1661 om.
898 1630 943 1663 A.
1014 1631 1043 1666 9.
1062 1634 1143 1677 quja
1160 1636 1204 1669 A.
1223 1638 1281 1682 qui
1300 1641 1429 1684 reliqui.

698 1671 749 1707 11.
775 1673 914 1709 beatum
936 1679 1133 1728 apostolum
1150 1682 1194 1716 A.

1541 1597 1570 1633 6.
1588 1599 1639 1633 Ia-

1503 1643 1554 1679 lO.
1569 1645 1637 1680 Ha-

81 1795 296 1842 pheticorum
304 1800 480 1845 librorum,
498 1809 665 1851 quotquot
679 1813 759 1842 sunt
768 1821 822 1843 ca-

891 1814 1009 1847 notavi
1021 1815 1056 1849 in
1067 1815 1189 1852 Codice
1198 1817 1408 1867 >Apocrypho
1418 1824 1458 1857 N.
1469 1825 1506 1859 T.
1515 1837 1547 1871 p.
1559 1827 1634 1863 750.

81 1843 206 1886 nonici,
222 1846 436 1890 repudiatam
452 1849 559 1884 fuisse
577 1857 722 1887 constat.
747 1856 821 1899 (F.)

891 1863 924 1891 et
939 1860 1167 1897 Humfredum
1189 1865 1289 1911 Hody
1312 1868 1353 1901 de
1376 1869 1499 1905 Bibliis
1523 1873 1634 1919 Origi-

125 1899 154 1922 0.
187 1895 373 1937 contraque
398 1894 640 1940 dispositiones
666 1900 820 1935 beatissi-

80 1944 215 1969 morum
231 1939 482 1984 apostolorum]
504 1943 589 1976 Mox
607 1944 695 1978 dicet
712 1950 818 1980 statu-

79 1982 153 2013 tum
175 1992 250 2015 esse
273 1983 313 2017 de
336 1984 430 2019 libris
454 1988 561 2021 sacris
587 1990 629 2022 ab
653 1993 817 2035 apostolis

80 2028 114 2058 et
136 2037 255 2061 eorum
276 2032 550 2075 successoribus,
576 2035 636 2068 ubi
656 2041 775 2071 notata
797 2050 817 2072 a

78 2081 143 2112 me,
161 2072 191 2105 si
205 2073 329 2118 placet,
346 2076 434 2110 vide.
483 2079 558 2122 (F.)

123 2117 154 2151 d.
179 2122 213 2151 et
229 2119 287 2153 alii
303 2131 408 2165 quam
429 2124 583 2168 plurimi]
613 2125 656 2159 Ut
680 2127 819 2162 Ebioni-

77 2165 142 2204 tae,
157 2162 361 2209 Enoratitae‚
378 2168 570 2213 Apotactici
587 2176 620 2204 et
636 2172 817 2208 Priscillia-

77 2207 196 2242 nistae.
243 2210 319 2254 (F.)

120 2264 149 2287 e.
157 2255 264 2289 Actus
273 2261 466 2303 separatos]
478 2261 703 2297 Monumenta
712 2265 815 2310 longe

75 2297 208 2334 diversa
227 2302 271 2335 ab
292 2303 360 2337 illis
384 2306 508 2349 quibus
532 2309 676 2342 ecclesia
698 2309 814 2346 catho-

74 2343 141 2378 lica
155 2347 272 2381 utitur.
321 2349 394 2393 (F.)

117 2389 140 2424 f.
159 2394 327 2427 statutum
339 2396 443 2430 estab
460 2399 625 2443 apostolis
645 2404 677 2433 et
694 2412 813 2437 eorum

73 2439 346 2483 successoribus]
357 2439 396 2474 In
404 2452 534 2477 canone
543 2444 730 2487 LXXXV„
741 2449 812 2482 sive

73 2481 193 2516 ultimo
217 2494 336 2519 eorum
366 2497 452 2531 quos
477 2491 685 2534 apostolicos
711 2503 810 2527 voca-

72 2536 159 2569 mus,
177 2527 217 2562 de
233 2529 330 2564 libris
348 2533 455 2567 sacris
471 2535 508 2568 in
524 2536 669 2570 ecclesia
692 2541 809 2573 tenen-

72 2570 123 2605 dis
146 2576 312 2609 statutum
335 2577 477 2622 legitur,
500 2580 535 2613 111
561 2592 628 2625 quo
653 2583 809 2618 similiter

71 2618 110 2650 ut
128 2619 221 2663 apud
241 2619 461 2658 Philastrium
485 2627 654 2660 omittitur
677 2628 810 2674 Apoca-

71 2661 178 2708 lypsis
202 2668 237 2698 et
258 2667 405 2718 epistola
435 2670 477 2703 ad
501 2672 690 2715 Hebraeos,
722 2685 809 2718 quae

72 2710 214 2754 utraque
229 2715 357 2757 scripta
378 2718 493 2749 tamen
515 2723 632 2751 noster
649 2730 704 2752 am
731 2721 809 2755 lecti

70 2762 108 2786 se
123 2753 207 2788 alibi
221 2759 377 2800 testatur,
394 2765 433 2793 ut
449 2772 476 2794 c.
496 2761 548 2796 60.
567 2768 601 2796 et
616 2763 669 2797 89.
722 2767 808 2800 otuit

70 2798 173 2832 etiam
183 2799 386 2837 Philastrius
402 2806 438 2839 in
449 2812 564 2841 mente
579 2807 739 2843 habuisse
752 2822 806 2844 ca-

69 2853 194 2878 nonem
210 2845 439 2884 Laodicenum
455 2851 528 2886 LX.
553 2854 601 2892 (A.
618 2854 706 2899 367.)
725 2855 806 2897 »ὅσα

69 2886 117 2920 δεῖ
143 2889 250 2934 βιβλία
277 2891 564 2941 ἀναγινώσκεσθαι,
575 2899 592 2911 ”
620 2900 687 2933 nisi
715 2903 805 2946 quod

68 2931 117 2966 ibi
132 2936 295 2980 epistolae
310 2939 409 2974 Pauli
431 2944 688 2987 quatuordecim
712 2958 803 2982 com-

67 2986 309 3018 memorantur.
348 2985 400 3020 De
420 2989 537 3022 ordine
562 2990 725 3025 librorum
749 3004 802 3026 sa-

68 3033 202 3061 crorum
218 3031 252 3062 et
264 3030 355 3074 quod
366 3031 472 3067 Actus
485 3037 720 3080 apostolorum
733 3040 801 3083 epi-

68 3069 164 3107 stolis
178 3073 354 3111 catholicis
367 3077 610 3124 adiunguntur,
626 3083 701 3118 vide
713 3094 804 3128 quae

889 1905 956 1938 nal.
973 1905 1029 1940 IV.
1047 1907 1078 1940 4.
1094 1920 1127 1953 p.
1143 1909 1218 1944 644.
1233 1924 1307 1957 sqq.
1356 1916 1430 1958 (F.)

933 1961 966 1994 g.
992 1962 1012 1984 a
1027 1954 1185 1997 perfectis
1215 1969 1286 1991 non
1310 1960 1352 1993 ab
1379 1964 1539 1998 omnibus
1562 1965 1634 2011 legi

887 1994 1027 2040 debent]
1041 1998 1233 2035 Canonicas
1242 2004 1357 2049 itaque
1366 2008 1553 2053 scripturas
1562 2023 1631 2046 non

886 2040 1065 2077 dubitabat
1085 2045 1288 2082 Philastrius
1312 2052 1355 2084 ab
1379 2055 1539 2089 omnibus
1560 2058 1631 2102 legi

889 2086 1021 2122 debere.
1050 2089 1195 2126 Perfecti
1211 2100 1291 2128 sunt
1305 2096 1334 2128 οἱ
1348 2101 1554 2144 μεμυημένοι,
1572 2103 1629 2138 (10-

887 2133 995 2208 lctrina
1003 2134 1197 2213 01213113υᾶ-
1208 2140 1277 2174 iam
1290 2153 1360 2177 11011
1372 2145 1480 2188 tincti,
1494 2148 1552 2181 sed
1565 2149 1628 2184 im-

896 2179 971 2212 )uti.
1020 2183 1037 2220 (
1071 2187 1094 2225 .)

929 2222 962 2258 h.
987 2227 1154 2270 quianon
1169 2230 1402 2277 intelligentes
1411 2237 1521 2271 multa
1533 2239 1626 2274 addi-

885 2268 1007 2304 derunt
1023 2278 1057 2305 et
1071 2275 1240 2319 tulerunt]
1257 2277 1295 2311 In
1309 2282 1542 2325 superioribus
1557 2287 1625 2320 edi-

883 2315 1032 2351 tionibus
1050 2320 1140 2353 male
1157 2325 1214 2366 qni
1227 2323 1293 2356 fuit
1308 2336 1368 2370 pro
1393 2331 1482 2371 quia.
1519 2331 1625 2366 Porro

883 2362 1028 2396 tulerunt
1043 2364 1130 2399 dixit
1145 2378 1207 2411 pro
1225 2371 1448 2407 sustulerunt.
1496 2377 1570 2420 (F.)

925 2407 946 2440 1.
963 2408 1100 2444 Habent
1110 2412 1304 2448 Manichaei
1318 2419 1528 2464 apocrypha]
1545 2423 1622 2457 Cer-

880 2454 954 2486 tum
976 2459 1076 2498 puto,
1101 2460 1307 2494 vocabulum
1330 2464 1532 2500 Manichaei
1556 2468 1622 2504 1100

878 2496 954 2531 1000
964 2500 1115 2535 alienum
1127 2515 1217 2538 esse:
1232 2510 1346 2541 utrum
1358 2519 1438 2543 vero
1452 2512 1623 2548 Matthaei

876 2553 938 2587 pro
948 2555 987 2578 eo
998 2547 1216 2583 scribendum
1225 2552 1278 2594 sit,
1293 2563 1337 2587 an
1346 2554 1456 2589 Jlatth
1463 2560 1517 2591 iae
1526 2561 1619 2604 Apo-

878 2590 1008 2634 erypha
1025 2599 1057 2625 et
1068 2593 1160 2627 beati
1170 2597 1342 2641 Andreae,
1356 2610 1400 2634 an
1409 2604 1619 2640 vocabulum

878 2633 962 2668 illud
976 2637 1179 2673 Manichaei
1194 2642 1294 2686 plane
1309 2650 1436 2681 temere
1449 2649 1617 2685 insertum

877 2683 980 2725 atque
997 2682 1081 2717 adeo
1103 2686 1197 2720 nullo
1223 2689 1288 2722 alio
1312 2693 1460 2736 reposito
1485 2706 1615 2741 expun-

876 2726 1028 2767 gendum
1052 2730 1110 2771 sit,
1136 2732 1241 2766 velim
1261 2735 1361 2770 MSS.
1381 2738 1544 2774 Codicum
1565 2743 1615 2775 iu—

876 2769 963 2805 dicio
976 2775 1089 2817 potius
1103 2787 1208 2821 quam
1220 2790 1296 2814 meo
1311 2781 1453 2818 definiri.
1477 2785 1527 2819 De
1541 2787 1615 2820 uui-

875 2818 983 2851 versis
1008 2824 1124 2854 autem
1146 2823 1213 2857 illis
1243 2827 1376 2861 actibus
1405 2834 1438 2862 et
1465 2832 1612 2876 scriptiS‚

875 2872 963 2905 quae
976 2865 1030 2898 vel
1039 2866 1214 2903 Matthaeo
1225 2872 1277 2904 vel
1286 2873 1463 2917 Matthiae,
1478 2878 1530 2909 vel
1542 2877 1611 2911 An—

873 2907 972 2941 dreae
989 2910 1093 2944 etiam
1110 2918 1169 2947 aut
1182 2914 1324 2951 Iohanni
1341 2930 1379 2952 ac
1392 2919 1502 2962 Petro,
1520 2923 1611 2956 aliis-

872 2963 938 2996 que
960 2957 1124 2999 apostolis
1149 2970 1209 3004 per
1229 2962 1450 2999 Manichaeos
1474 2967 1610 3002 haeriti-

871 3008 998 3043 cosque
1016 3002 1101 3036 alios
1119 3008 1299 3050 supposita
1311 3015 1400 3051 sunt,
1417 3012 1497 3045 11010
1514 3024 1610 3058 repe·

869 3045 940 3076 tere
957 3057 997 3078 ea
1014 3058 1100 3091 quae
1116 3049 1151 3083 in
1169 3050 1292 3088 Codice
1302 3054 1508 3102 Apocrypho
1520 3058 1609 3095 Novi

869 3087 961 3124 Test.
977 3095 1135 3136 exposui.
1181 3097 1257 3140 (F.)

1300 3155 1337 3188 60
