2052 3374
682 258 732 283 DE
752 258 987 288 HAERESIBUS
1006 263 1128 290 LIBER.
1629 274 1682 315 65

214 353 380 396 ¹Ariani
410 356 462 398 ab
492 358 617 401 Arioa
646 360 662 385 2
669 363 910 419 presbytero
944 367 1218 411 Alexandriae
1253 372 1454 427 civitatis,
1492 376 1563 429 qui
1600 377 1676 419 sub
1705 397 1887 431 eap.LXV1.

128 420 362 472 Alexandro
396 427 588 483 episcopo
617 429 749 472 bonae
783 436 1005 477 memoriae
1044 438 1122 479 fuit
1155 443 1196 480 et
1230 440 1499 485 Constantino
1534 449 1675 488 sancto

127 488 406 546 3imperatore,
429 494 570 537 dicens
594 498 724 540 filium
747 500 812 542 dei
834 501 909 544 deo
932 505 1144 559 similem),
1167 511 1333 551 nomine
1355 515 1476 553 tenus
1499 514 1677 556 similem

127 562 266 600 autem
286 560 450 616 dicens,
472 568 513 605 et
533 579 615 607 non
636 567 709 608 4de
732 570 862 624 ipsius
884 574 1014 626 patris
1038 573 1179 616 divina
1201 578 1404 622 credendo
1427 582 1676 638 substantia⁷

125 625 330 670 haeresim
348 633 624 686 periculosam
645 637 835 688 incurrit3
857 653 955 680 nam
977 645 1017 681 et
1039 648 1227 685 creatura
1248 648 1395 690 similis
1413 650 1487 692 (100
1512 651 1675 706 dicitur,

125 709 220 737 cum
241 697 352 739 dicat
372 702 615 756 scripturae:
637 704 865 748 Istae-immas
886 708 1088 752 hominem
1109 714 1167 754 ad
1184 715 1405 771 incaqinem
1426 727 1463 760 et
1482 722 1674 763 similitu-

125 765 261 807 dinem
279 776 476 810 nostram.
527 771 619 813 Non
647 777 787 816 tamen
814 780 877 817 est
896 777 1018 820 homo
1041 784 1112 821 aut
1133 783 1304 835 angelus
1333 785 1382 826 (10
1412 786 1486 829 (100
1508 793 1671 845 proprie

123 847 169 874 ac
190 835 452 892 naturaliter,
478 839 522 881 id
550 845 613 882 est
644 841 693 883 (10
721 843 862 885 divina
889 845 960 887 illa
981 848 1215 891 substantia
1241 855 1373 907 patris
1395 857 1673 901 inenarranda

122 905 163 942 et
183 906 436 960 sempiterna
455 910 640 963 genitus⁷
667 911 735 952 ⁵ut
755 914 903 955 unicus
926 915 1034 957 filius
1045 917 1081 970 (¹,
1114 921 1184 972 qui
1205 925 1368 974 genitus
1397 930 1460 965 est
1482 926 1531 967 de
1552 932 1669 983 patre

119 973 307 1027 propriee
328 977 619 1032 sempiternus,
641 979 714 1021 sed
731 980 850 1024 honio
875 987 915 1023 et
935 985 1105 1038 angelus
1127 988 1226 1030 facti
1248 995 1345 1032 sunt
1362 1006 1412 1034 ex
1428 995 1570 1037 nihilo.
1602 996 1669 1039 Fi-

118 1038 199 1082 lius
220 1045 358 1085 autem
380 1058 474 1086 cum
494 1047 549 1087 sit
569 1048 732 1103 vernes,
754 1055 915 1106 oportet
935 1052 1008 1094 6(10
1032 1053 1173 1097 divina
1192 1057 1264 1100 illa
1285 1060 1520 1105 substantia
1539 1068 1670 1120 patris

207 1177 288 1224 Cap.
305 1178 426 1215 LXVI.
443 1184 479 1214 in
496 1182 603 1219 Bate.
621 1187 818 1231 inscriptura
837 1195 885 1221 est
898 1189 1036 1226 Annam.
1055 1210 1098 1216 —
1123 1192 1150 1227 1.
1169 1193 1258 1228 Sunt
1273 1196 1391 1232 Ariani
1422 1200 1467 1234 A.
1521 1201 1551 1235 ⁴2.
1576 1213 1668 1247 pres-

116 1221 215 1267 bytro
233 1224 275 1260 Β.
341 1225 372 1260 3.
396 1227 601 1272 imperatore
617 1230 728 1265 bona-e
745 1235 933 1268 memoriae
951 1236 1067 1271 dicens
1085 1239 1129 1271 A.
1199 1241 1230 1274 4.
1249 1242 1289 1276 de
1305 1243 1413 1288 ipsius
1430 1247 1536 1290 patris
1555 1248 1669 1283 divina

114 1269 282 1356 gredepjdlo
294 1272 634 1354 (substgntitadA.Adei
656 1278 764 1322 ipsius
788 1281 895 1324 patris
921 1281 1072 1317 divinam
1096 1285 1263 1322 credendo
1289 1289 1518 1327 substantiam
1535 1296 1666 1340 reliqui.

138 1340 145 1348 .
164 1325 181 1348 e
267 1323 285 1360 )
315 1344 322 1351 .
417 1330 464 1353 .u
520 1331 536 1355 e
591 1348 599 1355 .

112 1452 208 1486 cuius
233 1454 471 1501 episcopatum
487 1458 654 1494 Photinus
672 1463 781 1506 gessit
798 1475 853 1497 us-

111 1509 178 1542 que
195 1499 238 1532 ad
254 1500 292 1534 A.
309 1499 343 1534 C.
358 1501 445 1544 351„
470 1515 537 1549 quo
554 1517 614 1550 per
631 1508 774 1541 alteram
798 1521 853 1554 sy-

111 1544 241 1578 nodum
256 1545 482 1582 sirmiensem
500 1550 595 1594 (nam
618 1553 851 1588 Antiochenae

969 1465 999 1500 d.
1025 1468 1146 1502 unicus
1157 1470 1264 1515 filius]
1284 1472 1470 1520 Μονογενὴς
1487 1476 1557 1512 1011.
1575 1478 1599 1513 I.
1613 1481 1663 1515 14.

926 1511 975 1544 15.
993 1512 1049 1546 III.
1072 1514 1121 1548 16.
1142 1515 1193 1549 18.
1212 1521 1245 1550 et
1265 1519 1291 1551 l.
1308 1519 1379 1554 Ioh.
1397 1521 1451 1555 IV.
1471 1523 1500 1557 9.
1524 1527 1662 1568 genitus

921 1568 991 1590 non
1013 1559 1115 1592 modo
1134 1562 1231 1604 μόνος
1249 1562 1283 1596 ἐκ
1304 1566 1415 1609 μόνου,
1440 1569 1498 1602 sed
1517 1575 1549 1603 et
1567 1584 1662 1616 μονο-

109 1589 149 1623 Α.
163 1589 239 1624 345.
257 1595 291 1624 et
302 1593 424 1636 prioris
438 1594 635 1630 Sirmiensis
648 1598 687 1631 A.
701 1598 777 1633 349.
795 1601 851 1633 (10-

109 1639 212 1677 creta,
227 1636 267 1670 de
281 1638 405 1682 quibus
423 1640 620 1684 Synodicon
632 1643 740 1689 Pappi
754 1656 781 1679 c.
795 1646 849 1680 43.

109 1685 143 1714 et
158 1681 223 1723 50„
242 1682 366 1718 effectu
382 1687 574 1728 caruerunt)
591 1688 767 1734 depositus
784 1692 850 1725 fuit

107 1726 151 1759 ab
181 1728 352 1774 episcopis
382 1732 604 1766 orientalibus
634 1739 667 1768 et
694 1736 848 1771 Marcelli

107 1782 306 1808 successore
322 1774 452 1810 Basilio
464 1777 658 1822 Ancyrano.
674 1780 770 1815 Cous.
786 1783 847 1816 So-

105 1822 235 1852 cratem
256 1819 297 1853 H.
321 1820 374 1855 29.
391 1833 462 1868 seq.
486 1828 519 1857 et
539 1825 705 1860 Harduini
727 1827 846 1863 Conci-

104 1863 152 1896 lia
172 1864 210 1898 T.
231 1865 258 1898 1.
275 1877 308 1910 p.
328 1866 402 1900 702.
420 1880 491 1914 seq.
515 1869 658 1905 Pulsum
681 1884 701 1906 a
722 1873 846 1908 Valen-

104 1909 235 1944 tiniano
259 1911 333 1956 (qui
350 1923 380 1946 a.
399 1913 475 1948 364.
500 1917 611 1961 coepit
634 1918 844 1964 imperitare)

103 1953 287 1990 Photinum
303 1959 423 1992 scribit
433 1960 662 2006 Hieronymus
681 1974 752 2009 cap.
772 1966 844 2000 107.

104 1999 144 2033 de
155 2000 277 2047 Script.
294 2002 424 2038 Eccles.
448 2005 618 2041 Nimirum
636 2009 755 2043 iterata
770 2012 843 2045 vice

102 2046 222 2090 pulsus
235 2052 357 2092 postea
368 2050 433 2084 fuit
443 2078 450 2092 ,
469 2063 571 2096 quem
585 2064 614 2087 a.
625 2054 700 2088 3152.
715 2056 757 2089 ab
771 2057 843 2090 exi-

102 2091 147 2125 lio
164 2099 385 2129 revocaverat
400 2096 552 2131 Iulianus
570 2099 662 2144 imp„
682 2101 740 2145 qni
756 2101 842 2135 Pho-

102 2137 166 2170 tini
187 2139 292 2172 etiam
311 2142 469 2175 meminit
489 2144 575 2177 libro
599 2146 708 2189 primo
726 2147 842 2181 adver-

102 2193 161 2216 sus
184 2182 413 2231 Christianos,
442 2189 532 2233 apud
555 2190 721 2234 Cyrillum
743 2193 840 2228 Alex.

100 2227 159 2261 lib.
178 2229 264 2263 VIII.
281 2242 314 2275 p.
333 2231 406 2266 262.
426 2234 504 2268 edit.
521 2235 690 2280 LipsienS.
740 2239 812 2281 (F.)

124 2272 386 2319 Cap.LXVI.—
402 2289 431 2312 a.
441 2280 483 2313 ab
493 2280 588 2324 Ario]
603 2282 663 2315 Hic
673 2283 836 2318 diaconus

100 2319 249 2364 primum
257 2321 520 2367 Alexandrinus,
531 2327 590 2360 sed
600 2328 728 2361 eiectus
739 2340 758 2362 a
766 2330 803 2363 M
805 2342 838 2363 e-

100 2364 196 2399 letio:
212 2366 400 2411 posthuius
410 2381 490 2404 vero
503 2376 649 2406 mortem
658 2375 837 2418 perAchil-

98 2409 177 2453 lam,
191 2412 392 2458 episcopum
399 2415 497 2450 Alex.
509 2422 687 2463 cooptatus
696 2422 836 2466 presby-

99 2458 150 2488 ter
162 2459 196 2490 et
212 2457 349 2492 scholae
363 2460 614 2497 Alexandrinae
632 2466 834 2509 praefectus,

97 2504 136 2534 ut
148 2506 286 2537 notatur
295 2504 330 2538 in
344 2505 631 2554 Synodicol’appi
649 2522 676 2543 c.
687 2510 739 2545 32.
754 2512 835 2546 Inde

96 2550 176 2590 post
190 2547 359 2584 Achillam
375 2563 445 2586 non
462 2553 518 2587 diu
535 2559 622 2599 post,
640 2566 730 2589 anno
748 2556 835 2600 312„

97 2591 296 2628 defunctum
317 2595 451 2631 inhians
471 2600 693 2645 episcopatui,
710 2606 743 2635 et
758 2603 834 2637 Ale-

97 2638 268 2673 xandrum
277 2641 343 2675 sibi
350 2644 542 2687 praelatum
550 2646 760 2690 indignatus,
771 2649 833 2682 cir-

97 2693 137 2716 ca
163 2694 193 2718 a.
225 2684 301 2720 316.
333 2685 492 2723 haeresin
521 2702 681 2736 spargere
709 2695 832 2739 coepit,

96 2727 291 2764 damnatam
313 2732 349 2765 in
371 2732 524 2770 Concilio
546 2737 712 2779 Nicaeno,
742 2740 831 2783 quod

94 2773 133 2807 A.
152 2773 187 2808 C.
201 2774 276 2810 325.
302 2776 545 2815 Constantinus
563 2782 647 2827 Imp.
665 2794 831 2819 convoca-

93 2819 151 2852 vit.
183 2819 334 2856 Consule
351 2824 380 2857 si
396 2826 508 2870 placet
524 2828 705 2872 scriptores
723 2829 763 2863 de
779 2842 829 2864 re-

94 2863 159 2898 bus
180 2865 252 2900 Arii
273 2870 307 2901 et
328 2868 533 2906 Arianorum
555 2874 710 2907 laudatos
735 2886 754 2908 a
774 2887 829 2910 me

94 2907 151 2943 lib.
168 2909 208 2945 V.
232 2911 320 2946 Bibl.
346 2914 496 2951 Graecae
518 2929 591 2963 cap.
617 2920 668 2952 23.
694 2920 828 2956 volum.

94 2953 179 2989 VIII.
195 2967 228 3001 p.
246 2956 311 2992 308
328 2970 398 3005 seq.
448 2963 520 3005 (F.)

115 2999 148 3033 b.
165 3000 227 3036 deo
236 3003 396 3049 similem]
415 3005 622 3053 Ὁμοιούσιον
632 3022 699 3044 11011
711 3009 828 3056 (5110ού-

94 3054 171 3078 σιον.
219 3048 292 3091 (F.)

138 3101 165 3124 c.
190 3092 279 3128 dicat
295 3097 475 3142 scriptura]
503 3100 724 3137 Genes.I.:2G.
750 3103 826 3145 (F.)

920 1603 1066 1647 τρόπως,
1084 1610 1123 1638 ut
1138 1612 1229 1641 recte
1245 1609 1480 1647 Nazianzenus
1499 1616 1589 1650 Orat.
1608 1618 1661 1651 36.

917 1648 1036 1692 p.590.
1058 1649 1116 1691 „Et
1133 1651 1166 1684 δὲ
1184 1656 1310 1694 κτιστός
1325 1655 1440 1701 ἕστιν,”
1457 1662 1562 1694 verba
1574 1662 1660 1697 The-

919 1693 1049 1728 odoreti
1061 1702 1143 1730 sunt
1159 1698 1197 1732 V.
1216 1700 1245 1733 2.
1263 1701 1397 1737 Haeret.
1414 1704 1496 1739 Fal).
1522 1707 1580 1748 ,οὐ
1602 1721 1659 1753 μο-

917 1741 1057 1784 νογενής,
1078 1740 1217 1788 ἀδελφὴν
1239 1745 1299 1791 γὰρ
1318 1745 1383 1792 {yet
1406 1749 1460 1793 τὴν
1485 1753 1583 1785 κτίσιν
1607 1756 1658 1788 καὶ

916 1783 1020 1818 πάντα
1043 1786 1081 1819 τὰ
1106 1791 1159 1831 τῆς
1178 1790 1310 1831 κτίσεως
1329 1789 1459 1839 neptas
1493 1798 1658 1838 „Cr-eurus

914 1843 991 1865 ‘vero
1008 1835 1040 1864 si
1055 1840 1116 1878 θεῖ,
1143 1848 1205 1869 non
1229 1845 1278 1870 est
1298 1842 1500 1884 ltlee'yem'tus,
1525 1847 1586 1878 sed
1605 1859 1656 1879 so-

916 1889 1022 1910 rorem
1051 1879 1153 1913 hahet
1178 1890 1372 1918 creaturam
1405 1899 1475 1921 (wa
1511 1893 1657 1925 ommibus

915 1925 1185 1967 ez'(t.s¹partibus.”
1232 1930 1304 1971 (F.)

959 1979 986 2001 e.
1013 1969 1052 2002 de
1069 1976 1165 2015 patre
1187 1976 1337 2020 proprie]
1363 1978 1435 2012 Hoc
1458 1991 1501 2014 ex
1520 1981 1653 2019 Christo

912 2013 986 2058 ipso
1012 2016 1160 2051 audiisse
1190 2030 1226 2053 se
1247 2023 1498 2066 profitebantur
1519 2027 1652 2071 Iudaei;

914 2060 1057 2105 ,πατέρα
1071 2060 1152 2095 ἴδιον
1170 2061 1260 2110 ἔλεγε
1278 2067 1332 2100 τὀν
1351 2069 1454 2103 θεόν.”
1469 2072 1588 2108 Ioh.V.
1602 2075 1651 2110 IS.

910 2105 1104 2140 Alexander
1119 2109 1372 2147 Alexandrinus
1391 2118 1480 2161 apud
1498 2119 1650 2155 Theodo-

910 2154 1023 2185 retum
1038 2153 1096 2186 lib.
1118 2154 1145 2188 1.
1162 2156 1248 2190 Hist.
1268 2169 1294 2192 c.
1313 2159 1343 2193 4.
1361 2172 1392 2205 p.
1414 2163 1464 2197 14.
1485 2166 1650 2209 „1409er-

909 2208 1045 2230 mamtm
1061 2202 1190 2242 quidem
1209 2209 1429 2249 etpropre'ccm
1447 2223 1489 2241 ac
1507 2218 1648 2245 natura-

910 2242 970 2275 lem
985 2246 1200 2290 eximebatque
1214 2252 1497 2296 ec'ztsfile'atc'onem,
1516 2258 1647 2301 γνησίαν

910 2286 1009 2320 αὐτοῦ
1039 2290 1091 2322 καὶ
1126 2290 1310 2338 ἰδιότροπον
1343 2297 1394 2330 καὶ
1428 2301 1646 2347 κατεξαίρετον

907 2331 1049 2376 υἱότητα,
1074 2336 1202 2371 Paulus
1226 2342 1433 2385 declararit,
1454 2349 1503 2379 ita
1530 2349 1646 2383 dicens

907 2380 947 2410 (Ie
964 2381 1040 2413 deo.-
1059 2382 1171 2425 (Rom.
1190 2385 1276 2420 VIII.
1293 2387 1363 2433 32.)
1387 2388 1464 2435 ὅσγε
1488 2396 1544 2426 τοῦ
1565 2392 1643 2427 ἰδίου

906 2422 973 2457 υἱοῦ
993 2425 1050 2459 οὐκ
1074 2426 1237 2472 ἐφείσατο,
1260 2436 1316 2476 (μα’
1332 2439 1474 2479 proprio
1489 2440 1564 2483 filio
1583 2453 1644 2474 non

898 2475 1068 2514 pepercit,
1094 2476 1154 2507 sed
1168 2488 1234 2519 pro
1259 2479 1366 2519 uobis,
1392 2494 1454 2515 mm
1476 2488 1642 2519 naturali-

904 2515 962 2548 bus
977 2519 1217 2564 scilicetfillis,
1243 2525 1306 2556 τῶν
1325 2524 1368 2569 μὴ
1387 2527 1476 2571 φύσει
1498 2528 1584 2576 υἱῶν,
1602 2534 1642 2565 il-

903 2562 968 2593 lum
987 2566 1140 2598 tradidit.
1165 2567 1258 2600 IVam
1274 2571 1410 2604 utillum
1426 2575 1643 2619 (lz'stc'nyuerct

904 2607 945 2639 ab
962 2609 1021 2648 its,
1047 2613 1103 2653 qni
1126 2624 1188 2644 non
1204 2620 1279 2647 sunt
1297 2621 1435 2660 proprie
1449 2621 1534 2663 filii,
1561 2622 1639 2667 πρὸς

902 2650 1144 2698 ἀντιδιαστολὴν
1175 2660 1239 2691 τῶν
1264 2659 1322 2694 οὖν.
1347 2660 1444 2705 ἰδίων,
1462 2671 1636 2711 proprium

892 2698 1001 2741 filium
1020 2711 1087 2734 esse
1104 2714 1173 2735 eam
1191 2705 1285 2740 dixit.
1334 2708 1407 2750 (F.)

927 2743 949 2776 f.
968 2743 1075 2779 Filius
1090 2766 1102 2771 -
1117 2767 1128 2772 -
1142 2752 1258 2793 verus]
1278 2751 1329 2786 Ex
1339 2756 1490 2789 essentia
1499 2758 1635 2801 genitus

898 2790 1021 2833 patriS,
1044 2796 1082 2824 ut
1104 2803 1148 2826 ex
1168 2794 1243 2839 ipso
1265 2797 1477 2835 identitatem
1495 2807 1635 2836 naturae

897 2834 940 2867 ab
957 2839 1094 2871 aeterno
1111 2837 1251 2882 habeat,
1275 2846 1309 2875 et
1330 2845 1374 2877 sit
1395 2847 1562 2892 γαρακτὴρ
1580 2851 1633 2890 τῆς

899 2877 1106 2921 ὑποστάσεως
1124 2883 1222 2918 αὐτοῦ
1240 2886 1317 2922 Ebr.
1332 2889 1355 2923 I.
1369 2890 1400 2924 3.
1411 2886 1505 2925 Psal.
1520 2893 1631 2927 CX.3.

900 2924 954 2965 „ez
971 2927 1110 2972 γαστρὸς
1133 2931 1195 2974 πρὸ
1213 2930 1381 2979 ἑωσφόρον
1399 2934 1549 2981 ε’γέννησά
1566 2939 1633 2982 σε,”

897 2982 998 3014 quem
1021 2972 1135 3007 locum
1156 2987 1283 3021 magno
1307 2991 1477 3015 consensu
1500 2988 1630 3018 veteres

896 3016 936 3049 de
958 3021 1096 3051 aeterna
1117 3024 1151 3053 et
1173 3025 1308 3067 propria
1329 3026 1389 3059 filii
1412 3029 1630 3068 generatione

895 3062 974 3095 Ario
994 3071 1180 3108 opponunt.
1210 3068 1294 3103 Vide.
1311 3070 1486 3106 Patavium
1504 3074 1627 3117 Dogm.

893 3106 1010 3143 Theoi.
1027 3109 1068 3144 de
1085 3110 1119 3145 S.
1136 3112 1300 3149 Trinitate
1315 3116 1372 3150 lib.
1390 3117 1429 3151 V.
1446 3129 1474 3152 c.
1492 3118 1522 3152 7.
1553 3120 1626 3163 (F.)

1360 3184 1380 3205 ι)
