2052 3374
567 180 617 205 DE
636 178 933 205 ECCLESIASTICIS
951 176 1205 203 DOGMA‘rrsscs.
1572 174 1652 215 345

115 289 160 326 et,
176 284 327 318 Nescitis
341 286 496 328 quoniam
514 284 593 316 ²011&
609 283 768 316 ezhibetis
786 295 840 316 ros
854 294 967 316 sert-os
984 283 1032 315 ad
1047 281 1278 320 obediendum,
1301 280 1392 312 servi
1413 280 1493 312 estis
1514 280 1585 311 eius
1601 279 1656 310 cm·

115 342 264 382 obeditis,
281 347 324 383 et,
341 341 373 373 A
392 354 452 385 quo
469 344 541 385 quis
557 347 747 385 superatur,
765 342 834 373 eius
850 340 864 360 ³
875 345 906 373 et
920 351 1034 373 serra-3
1050 339 1063 360 ⁴
1074 339 1259 372 addicitur.

204 397 244 432 Si
259 398 335 443 quis
352 398 416 431 soli
431 398 525 431 Adae
542 397 868 443 praevaricationem
884 407 1000 438 suam,
1024 408 1095 429 non
1117 395 1221 429 etiam
1245 395 1318 428 eius
1335 393 1518 439 propagini
1533 392 1657 426 asserit

116 455 285 496 nocuisse,
302 459 363 488 aut
379 459 468 488 certe
485 460 631 488 mortem
647 458 782 488 tantum
799 454 968 499 corporis,
988 464 1076 498 quae
1092 462 1204 498 poena
1220 451 1353 497 peccati
1369 456 1437 492 est,
1455 462 1524 484 non
1541 454 1657 483 autem

116 515 150 545 et
165 514 359 557 peccatum,
383 512 474 557 quod
490 523 582 545 mors
600 516 652 545 est
668 512 820 552 animae,
842 522 902 556 per
924 522 1033 543 unum
1048 509 1222 543 hominem
1238 509 1274 542 in
1291 519 1393 542 omne
1410 518 1520 552 genus
1537 507 1656 540 huma-

116 579 200 602 num
215 568 379 602 transisse
396 571 551 611 testatur,
565 568 769 602 injustitiam
786 568 849 601 deo
867 567 969 608 dabit,
987 566 1223 601 contradicens
1237 565 1392 611 apostolo
1407 565 1548 598 dicenti:
1569 564 1658 596 ¹Per

116 638 213 658 unum
229 625 388 660 bominem
402 632 577 671 pecc-atum
596 627 739 659 intravit
750 627 783 657 ιἰι
797 626 958 664 muudum,
977 630 1008 658 et
1016 636 1079 669 per
1091 629 1268 668 peccatum
1282 634 1381 663 mor-3,
1399 628 1431 656 et
1443 625 1492 655 ita
1503 625 1536 655 in
1550 634 1658 655 omnes

115 682 262 716 homines
277 682 388 716 ²mor8
398 685 613 728 pertransiit,
629 685 665 715 in
681 695 741 727 quo
758 681 888 715 ³omne8
899 687 1137 726 peceat-erunt.

206 739 245 774 Si
267 740 344 785 quis
367 740 584 774 invocatione
606 739 758 773 humana
782 739 930 783 gratiam
953 738 1008 772 dei
1031 738 1113 771 dicit
1135 748 1237 782 posse
1261 737 1423 778 conferri,
1447 748 1515 770 non
1541 739 1657 769 autem

115 797 228 842 ipsam
242 797 390 842 gratiam
404 797 518 831 facere
533 802 572 831 ut
587 797 764 830 invocetur
780 807 801 830 a
813 796 923 837 nobis,
941 795 1141 829 contradicit
1157 795 1280 829 Esaiae
1297 793 1492 839 prophetae,
1509 795 1563 827 vel
1576 804 1657 838 apo-

115 854 205 888 stolo
219 853 312 888 idem
329 853 487 888 ¹fflcenti:
506 855 664 888 Ine-entus
679 866 749 886 sum
766 867 787 887 a
806 866 866 887 non
884 853 1116 898 quaerentibus
1134 865 1198 892 me,
1210 853 1330 896 palam
1349 853 1501 896 apparui
1516 851 1584 891 his,
1603 853 1660 895 qui

116 923 166 944 me
181 923 244 944 non
257 912 524 955 interroqabant.

142 987 146 989 -
183 967 222 1002 Si
237 968 313 1013 quis
329 971 368 1002 ut
383 979 404 1002 a
418 972 559 1014 peccato
575 979 764 1014 purgemur
785 969 998 1001 voluntatem
1021 970 1174 1001 nostram
1195 966 1297 999 deum
1320 969 1501 1010 expectare
1518 968 1657 998 conten-

116 1024 176 1067 dit,
191 1036 262 1059 non
278 1028 394 1059 autem
409 1031 448 1060 ut
463 1026 567 1059 etiam
583 1026 725 1070 purgari
740 1026 895 1066 velimus,
911 1036 972 1069 per
989 1025 1099 1057 sancti
1114 1024 1254 1069 spiritus
1267 1022 1475 1056 infusionem
1491 1026 1523 1054 et
1542 1033 1659 1067 opera-

116 1082 247 1116 tionem
262 1083 298 1116 in
314 1082 414 1116 nobis
430 1081 506 1116 fieri
521 1082 717 1123 confitetur,
742 1083 869 1115 resistit
887 1082 952 1127 ipsi
967 1081 1102 1127 spiritui
1119 1084 1236 1114 sancto
1248 1106 1256 1121 ,
1272 1091 1333 1125 per
1349 1080 1570 1113 Salomonem
1590 1080 1597 1099 ¹
1611 1079 1658 1112 di-

117 1139 222 1173 centi:
239 1139 480 1184 Praeparatur
496 1141 649 1173 voluutas
667 1153 688 1172 α
707 1141 853 1179 domiuo,
872 1144 905 1172 et
923 1139 1077 1184 apostolo
1094 1138 1277 1172 salubriter
1294 1136 1541 1182 ²praedicanti:
1570 1136 1660 1178 [jeus

118 1201 168 1228 est
181 1198 239 1241 qui
253 1202 416 1241 operatur
433 1199 467 1229 in
484 1197 575 1230 vobis
591 1203 623 1229 et
639 1198 720 1230 celle
736 1203 768 1229 et
778 1198 943 1241 perficere
954 1209 1020 1240 pro
1037 1196 1122 1229 bona
1141 1196 1318 1229 voluntate.

206 1251 245 1286 Si
261 1253 336 1298 quis
352 1253 441 1287 sicut
457 1257 694 1299 augmentum,
712 1254 759 1297 ita
777 1254 880 1287 etiam
897 1254 1032 1287 initium
1048 1252 1138 1293 fidei,
1155 1253 1338 1297 ipsumque
1355 1251 1564 1284 credulitatis
1579 1250 1658 1283 affe-

117 1313 226 1352 ctum,
250 1321 318 1356 quo
334 1311 372 1344 in
388 1322 468 1344 eum
484 1311 654 1344 credimus
673 1311 732 1356 qui
755 1310 918 1344 iustificat
944 1311 1105 1356 impium,
1130 1314 1163 1343 et
1185 1310 1227 1343 ad
1250 1309 1547 1354 regenerationem
1569 1308 1658 1341 sacri

117 1367 334 1412 baptismatis
351 1368 581 1413 pervenimus,
598 1380 667 1402 non
688 1369 766 1413 ¹per
783 1368 913 1413 gratiae
931 1368 1070 1409 donum,
1087 1367 1121 1401 id
1138 1373 1191 1401 est
1206 1378 1265 1412 per
1281 1366 1543 1411 inspirationem
1560 1365 1658 1410 spiri-

116 1429 172 1458 tus
189 1425 300 1458 sancti
315 1425 544 1470 corrigentem
559 1426 772 1459 voluntatem
789 1429 941 1459 nostram
958 1425 1001 1458 ab
1018 1425 1217 1458 infidelitate
1234 1424 1276 1457 ad
1294 1423 1406 1465 fidem,
1425 1422 1468 1456 ab
1485 1423 1659 1467 impietate

117 1481 160 1515 ad
174 1481 358 1527 pietatem,
382 1482 442 1516 sed
464 1483 666 1518 naturaliter
683 1483 782 1516 nobis
800 1483 914 1515 inesse
931 1482 1027 1523 dicit,
1051 1482 1247 1527 apostolicis
1265 1481 1485 1525 dogmatibus
1503 1479 1659 1513 adversa-

116 1539 187 1572 rius
204 1539 422 1584 approbatur,
441 1539 565 1574 2beato
582 1539 688 1573 Paulo
706 1539 838 1573 dicente
849 1566 856 1580 ,
877 1540 1076 1582 Corfidium-s
1092 1541 1170 1582 quia
1188 1542 1244 1582 qm·
1260 1541 1369 1582 eoepit
1385 1541 1419 1570 in
1437 1538 1527 1570 cobis
1544 1538 1657 1570 bouum

117 1608 198 1641 opus
207 1598 365 1641 perficiet
379 1608 477 1642 usque
493 1599 528 1629 in
546 1598 631 1630 dcem
646 1596 794 1630 ³‹Iouzim'
810 1598 915 1629 nostri
932 1595 1061 1629 Christi
1076 1596 1170 1628 Iesu:
1188 1601 1221 1629 et
1237 1595 1335 1636 illud,
1365 1594 1463 1627 Vobis
1480 1596 1593 1627 datum
1612 1600 1661 1627 εει

110 1665 179 1698 pro
197 1653 347 1694 Christo,
366 1665 429 1686 uon
445 1654 566 1694 solum,
591 1660 626 1686 ut
648 1656 681 1686 ιἰι
698 1666 766 1686 eum
786 1655 953 1693 credatis,
979 1653 1060 1685 ⁴3ecl
1075 1655 1175 1686 etiam
1194 1659 1228 1684 ut
1237 1665 1303 1697 pro
1318 1653 1373 1684 illo
1384 1654 1588 1696 patiamini,
1615 1656 1659 1692 et,

118 1710 132 1732 ⁵
144 1710 271 1744 Gratia
287 1711 482 1756 salvifacti
497 1715 575 1744 estis
586 1723 651 1755 per
659 1712 761 1755 fidem
772 1737 780 1751 ,
805 1717 836 1743 et
850 1710 912 1743 laoc-
930 1722 992 1743 non
1009 1722 1048 1743 ez
1066 1710 1171 1750 robis,
1190 1711 1245 1743 dei
1261 1712 1345 1742 em'm
1363 1710 1478 1742 donum
1497 1715 1553 1743 est.
1595 1707 1660 1749 Qui

119 1767 211 1802 enim
221 1767 336 1810 fidem,
350 1779 419 1813 qua
430 1768 466 1802 in
479 1768 581 1802 deum
594 1767 775 1808 credimus,
789 1767 904 1800 dicunt
917 1778 992 1800 esse
1005 1767 1205 1808 naturalem,
1220 1777 1338 1800 omnes
1352 1777 1410 1799 eos
1426 1766 1484 1810 qui
1497 1766 1540 1799 ab
1550 1766 1660 1800 ‘eccle-

119 1825 172 1859 sia
186 1823 312 1860 Christi
327 1825 431 1859 alieni
447 1830 538 1866 sunt,
555 1824 809 1870 quodammodo
827 1824 945 1858 fideles
963 1835 1038 1858 esse
1055 1824 1232 1858 definiunt.

208 1881 247 1916 Si
263 1883 339 1928 quis
355 1883 429 1916 sine
446 1883 558 1928 gratia.
574 1883 628 1915 dei
645 1881 860 1915 credentibus
871 1908 878 1922 ,
900 1882 1094 1915 volentibus
1106 1908 1113 1922 ,
1138 1881 1426 1922 desiderantibus,
1444 1881 1659 1921 conantibus,

122 1939 395 1982 ¹hborantibus,
411 1940 654 1985 vigilantibus,
679 1938 911 1979 studentibus,
929 1939 1139 1983 petentibus,
1158 1938 1415 1983 quaerentibuS,
1431 1938 1660 1983 pulsantibus,

118 1997 218 2031 nobis
234 1997 504 2031 misericordiam
528 1997 609 2030 dicit
633 1995 779 2029 conferri
803 1995 982 2037 divinitus,
1006 2006 1076 2029 non
1099 2001 1215 2029 autem
1232 2000 1268 2029 ut
1285 1995 1479 2036 credamus,
1504 1995 1660 2037 velimus,

120 2053 175 2087 vel
189 2053 274 2088 haec
291 2054 407 2088 omnia
430 2054 520 2087 sicut
542 2057 674 2098 oportet
697 2063 798 2097 agere
821 2053 1014 2094 valeamus,
1037 2064 1096 2098 per
1119 2053 1328 2087 infusionem
1349 2057 1383 2086 et
1398 2053 1660 2097 inspirationem

119 2111 231 2144 sancti
246 2111 386 2156 spiritus
407 2111 443 2144 in
465 2111 567 2144 nobis
591 2110 665 2144 fieri
689 2109 884 2151 confitetur,
908 2114 941 2143 et
957 2114 1017 2143 aut
1033 2109 1216 2144 humilitati
1234 2114 1293 2144 aut
1310 2109 1523 2143 obedientiae
1540 2109 1659 2143 huma-

119 2178 184 2202 nae
200 2167 380 2212 subiungit
397 2168 530 2212 gratiae
547 2167 764 2207 adiutorium,
781 2178 844 2200 nec
862 2171 899 2200 ut
916 2167 1111 2201 obedientes
1129 2171 1162 2201 et
1177 2167 1323 2201 humiles
1341 2167 1448 2201 simus
1461 2167 1568 2212 ipsius
1582 2177 1658 2212 gra-

119 2225 188 2258 tiae
204 2224 333 2258 donum
349 2235 424 2258 esse
441 2224 626 2265 consentit,
650 2223 779 2257 resistit
796 2225 950 2269 apostolo
970 2225 982 2246 ¹²
993 2223 1133 2259 dicenti:
1162 2224 1254 2264 Quid
1269 2227 1353 2258 enim
1376 2224 1479 2258 habes
1495 2225 1582 2268 quod
1598 2237 1659 2258 non

121 2283 308 2326 accepisti?
323 2285 367 2322 et,
388 2281 513 2314 Gratia
532 2282 587 2314 dei
601 2293 669 2313 aum
689 2282 726 2314 id
740 2283 826 2325 quod
839 2293 920 2315 sum.

209 2337 246 2372 Si
263 2338 340 2383 quis
356 2349 417 2383 per
433 2342 576 2371 naturae
592 2338 747 2383 vigorem
765 2338 893 2372 bonum
910 2339 1058 2384 aliquod,
1076 2339 1168 2384 quod
1185 2338 1227 2372 ad
1244 2339 1390 2372 salutem
1406 2338 1552 2383 pertinet
1569 2339 1659 2372 w'tae

120 2398 297 2436 aeternae,
324 2394 475 2439 cogitare
502 2398 541 2428 ut
567 2394 723 2440 expedit,
752 2399 812 2428 aut
839 2395 982 2441 eligere,
1006 2396 1078 2429 sive
1106 2396 1266 2437 salutari,
1294 2395 1329 2429 id
1357 2400 1410 2428 est
1437 2396 1657 2440 evangelicae

121 2452 366 2498 praedicationi
388 2451 580 2493 consentire
603 2463 705 2497 posse
729 2452 925 2494 confirmat,
956 2453 1086 2498 absque
1110 2452 1360 2486 illuminatione
1383 2457 1416 2485 et
1438 2452 1660 2498 inspiratione

209 2531 241 2566 2.
268 2531 377 2566 Verba
394 2531 449 2565 cui
463 2529 633 2565 exhibetis
655 2551 798 2556 -———
814 2532 897 2566 estis
920 2533 992 2566 eius
1015 2534 1252 2566 desiderantur
1269 2534 1301 2564 in
1319 2532 1397 2566 edit.
1415 2531 1565 2565 Elmenlz.
1627 2532 1659 2567 3.

121 2581 228 2612 etum.
245 2579 323 2612 edit.
341 2576 491 2610 Elmenh.
559 2577 592 2610 4.
609 2576 763 2610 adiicitur
779 2579 856 2612 edit.
874 2577 1025 2611 Elmenh.

211 2621 308 2668 (Cap.
325 2621 511 2666 XXXIX.)
544 2621 582 2656 V.
599 2621 724 2657 Camil.
741 2623 869 2656 Araus.
889 2623 942 2657 II.
962 2635 1038 2668 cap.
1057 2623 1091 2657 2.
1166 2623 1193 2656 l.
1212 2622 1308 2656 Rom.
1326 2621 1367 2664 V,
1388 2621 1439 2655 1⁶2.
1516 2622 1547 2657 2.
1566 2634 1658 2657 mors

121 2681 182 2703 om.
200 2669 279 2704 edit.
295 2667 447 2702 Elmenlz.
517 2666 547 2700 3.
566 2679 684 2701 omnes
701 2666 857 2701 homines
876 2670 952 2702 edit
974 2667 1122 2701 Elmenh.

211 2713 304 2759 (Cap.
444 2713 481 2747 V.
497 2712 621 2747 Corn-il.
638 2713 767 2747 Araus.
787 2713 839 2748 II.
858 2726 934 2758 (ap.
950 2713 984 2748 3.
1057 2714 1085 2746 1.
1102 2713 1192 2746 Esai.
1209 2712 1313 2753 LXV,
1335 2712 1362 2747 1.
1387 2712 1486 2746 Rom.
1502 2713 1547 2754 X,
1565 2713 1618 2748 20

122 2713 394 2839 LdCaplijLL
353 2804 463 2850 Phffip
418 2758 496 2803 )V.
490 2758 635 2844 ᾗιίιιιοέί.
655 2760 781 2793 Araus.
800 2759 852 2800 ΙΙ,
870 2771 946 2803 cup.
963 2758 996 2793 4.
1070 2759 1099 2794 1.
1117 2758 1274 2792 Proverb.
1292 2758 1387 2800 VIII,
1410 2757 1464 2800 35,
1481 2761 1658 2792 secundum

211 2849 302 2896 (.Cap
317 2849 440 2895 XLII.)
504 2849 652 2884 .Concil.
670 2849 798 2884 Araus.
819 2849 871 2884 II
891 2861 918 2882 e.
935 2850 968 2882 5.
1031 2849 1058 2882 l.
1075 2859 1136 2894 per
1151 2862 1212 2883 om.
1230 2850 1280 2882 ed.
1299 2849 1450 2884 Elmenlz.
1511 2849 1656 2884 2.beato

122 2896 279 2930 aostolo
301 2895 408 2930 Paulo
432 2897 510 2929 edat.
526 2894 678 2929 Elmenlc.
696 2915 739 2920 —
761 2893 904 2948 Philipp.
922 2894 952 2934 I,
977 2894 1008 2929 6.
1028 2894 1082 2928 29.
1157 2894 1189 2928 3.
1211 2894 1341 2929 domini
1362 2895 1470 2929 nostri
1493 2908 1554 2930 om.
1579 2898 1657 2930 edit.

122 2906 275 2976 atu-‘enh
344 2941 376 2975 4.
392 2951 512 2975 verum
528 2941 605 2974 edit.
623 2939 774 2974 Elmenh.
842 2949 874 2975 a.
872 2906 1015 2985 pEphes.
1032 2939 1111 2982 11,S

212 2985 309 3032 (Gap.
325 2985 462 3031 XLIII.)
495 2986 532 3020 V.
547 2985 673 3019 Concil.
691 2985 817 3019 Araus.
834 2986 889 3021 II
908 2997 949 3018 ca
977 2985 1036 3020 ..6
1120 2986 1149 3020 1.
1164 2985 1417 3028 laborantibus,
1433 2985 1656 3032 vigilantibus

123 3043 184 3066 om.
200 3033 279 3068 edit.
295 3031 448 3067 Elmenlz.
517 3031 549 3066 2.
564 3029 746 3066 ICorinth.
762 3029 819 3073 IV,
836 3030 868 3065 7.
890 3031 967 3074 X,
986 3031 1036 3066 10.

1682 403 1760 436 (Cap.
1780 401 1918 433 XXXIX.)

1683 747 1762 779 (Cap.
1782 746 1851 778 xL.)

1683 975 1761 1007 (Cap.
1782 974 1865 1007 XLI.)

1684 1260 1763 1293 (Cap.
1784 1259 1882 1291 XLII.)

1685 1889 1764 1922 (Cap.
1784 1889 1896 1920 XLIIL)

1686 2346 1764 2379 (Cap.
1784 2347 1894 2378 XLIV.)
