2052 3342
352 189 432 230 394

417 288 496 333 Cap.
513 286 699 322 LXXVIII.
718 306 759 311 —-
783 288 870 319 Ante
887 287 1082 331 passionem
1099 290 1131 320 et
1148 288 1430 320 resurrectionem
1452 287 1590 329 domini,
1613 299 1731 323 omnes
1748 288 1884 322 animae

350 339 544 367 sanctorum
563 333 595 365 in
613 332 760 374 inferno]
801 332 992 365 Arbitratur
1017 331 1214 365 Gennadius
1240 343 1282 365 ex
1301 343 1367 377 quo
1384 334 1538 377 peccavit.
1552 334 1673 375 Adam,
1696 337 1730 368 et
1746 334 1883 368 clausus

350 384 400 411 est
419 379 464 411 illi
482 378 677 422 paradisus,
701 378 827 410 nullius
850 378 958 410 sancti
973 378 1125 413 animam
1143 378 1177 410 in
1196 378 1327 411 caelum
1345 378 1548 419 ascendisse,
1570 379 1628 412 sed
1646 390 1763 413 omnes
1781 379 1816 412 in
1832 379 1884 413 in-

348 424 443 457 ferno
461 424 678 466 (posteriores
695 423 825 454 limbum
840 429 972 466 patrum
992 423 1166 461 dixerunt)
1184 423 1347 462 detentas,
1365 428 1501 468 propter
1514 434 1599 468 quas
1613 424 1715 458 etiam
1729 423 1883 458 Christus

349 468 519 502 descendit
537 470 578 500 ad
596 468 733 505 inferos,
759 473 795 500 ut
813 479 870 500 eos
888 468 1056 507 liberaret,
1080 473 1111 500 et
1130 474 1304 513 compotes
1321 469 1375 501 sui
1390 468 1528 504 faceret.
1566 468 1610 502 Et
1624 468 1706 503 haec
1724 473 1776 504 est
1791 480 1884 504 com-

349 514 460 547 munis
479 514 592 566 opinio
611 515 795 546 multorum
812 519 957 557 patrum.
983 514 1099 557 cyrilli
1116 514 1341 556 Hierosolym.
1367 513 1526 558 κατηγήσ.
1551 513 1578 547 δ.
1604 514 1829 559 φωτιζομένων
1852 513 1884 548 ἐν

348 558 581 605 Ὶεροσυλυμοις
599 569 677 602 pag.
688 558 728 592 11,
755 558 954 591 Tertulliani
969 559 1007 591 de
1026 559 1140 592 anima
1153 570 1225 603 cap.
1241 559 1311 592 Vll.
1325 564 1359 591 et
1372 559 1437 592 LV.
1463 554 1647 593 Clementis
1663 560 1885 594 Alexandrini

348 605 402 637 lib.
422 603 475 638 VI.
510 606 670 636 stromat.
690 604 894 636 Damnst-eni
911 604 951 636 de
969 604 1033 637 fide
1051 603 1229 637 orthodox.
1248 605 1304 637 lib.
1322 603 1376 637 111.
1395 614 1468 649 cap.
1483 603 1615 639 XXIX.
1641 605 1827 650 Augustini
1843 605 1885 639 de

348 657 497 694 tempore
515 660 662 683 sermon.
682 649 869 683 CLXXXI.
912 650 1088 690 Gregentii
1105 650 1138 682 in
1157 649 1278 693 disput.
1297 660 1373 683 cum
1392 650 1550 683 Herbano
1567 649 1691 684 Iudaeo
1731 661 1787 694 ag.
1809 649 1881 686 178.

345 695 542 738 Hieronymi
556 695 588 727 in
605 694 727 729 Psalm.
743 694 869 728 XXIII.
885 694 941 727 fol.
957 692 1008 727 28.
1022 696 1054 728 iu
1070 695 1189 738 psalm.
1204 695 1279 728 XV.
1293 695 1350 728 fol.
1370 695 1418 728 15.
1459 696 1556 729 salm.
1571 694 1693 728 CXVII
1712 721 1720 729 .
1733 695 1792 731 fol.
1811 695 1883 731 159.

347 741 379 773 in
399 740 575 773 Danielem
594 741 650 774 lib.
669 739 692 772 Ι.
711 751 784 784 cap.
804 739 835 772 3.
878 741 1034 783 Gregorii
1051 741 1169 783 Magni
1193 741 1311 773 moral.
1329 740 1386 773 lib.
1406 740 1417 773 l
1452 769 1459 775 .
1478 751 1550 785 cap.
1568 739 1712 774 XXVII.
1729 741 1787 775 lib.
1805 740 1883 776 XII.

346 796 418 830 cap.
437 785 505 818 Vll.
525 786 581 818 lib.
599 785 690 818 XIII.
708 796 780 830 cap.
799 785 888 818 XVI.
906 786 940 818 in
959 787 993 819 S.
1012 785 1199 829 Evangelia
1216 784 1332 819 homil.
1350 785 1446 820 XIX.
1465 785 1524 819 fol.
1541 784 1617 820 391.
1634 784 1753 823 homil.
1768 786 1882 821 XXII.

345 831 402 864 fol.
416 830 492 863 401.
518 830 689 874 Fulgentii
705 831 746 864 ad
764 831 1028 864 Trasimnndum
1047 831 1174 872 Regem
1191 831 1248 864 lib.
1263 831 1318 864 111.
1336 831 1393 864 fol.
1411 831 1464 865 54.
1507 831 1644 864 Autoris
1661 837 1882 867 commentar.

346 878 379 909 in
396 875 609 909 Matthaeum
627 887 699 920 cap.
717 876 772 908 111.
794 875 909 909 homil.
928 877 966 910 V.
985 876 1042 909 fol.
1059 876 1135 909 557.
1159 876 1248 921 apud
1273 875 1448 920 Chrysost.
1463 881 1547 910 tom.
1566 876 1606 911 11.
1649 875 1832 911 Gaudentii
1848 878 1884 911 in

346 921 444 954 exod.
460 927 591 954 tractat.
610 922 653 955 X.
671 927 753 954 tom.
770 921 840 954 VII.
861 920 1011 954 biblioth.
1029 927 1175 966 patrum.
1200 920 1378 966 Nicephori
1396 920 1526 955 Callisti
1542 922 1598 955 lib.
1616 920 1641 955 I.
1658 932 1731 966 cap.
1748 921 1882 957 XXXI.

345 966 490 1011 Philippi
506 967 694 1011 presbyteri
711 968 743 999 in
763 966 832 999 Iob.
850 967 906 1000 lib.
926 966 981 1000 III.
999 978 1070 1011 cap.
1088 966 1282 1000 XXXVIII.
1320 966 1476 1012 Procopii
1492 965 1672 1012 Sophistae
1695 967 1730 1001 in
1746 966 1884 1002 Esaiam

344 1012 402 1047 fol.
424 1012 494 1045 154.
520 1011 698 1045 Athanasii
715 1012 754 1045 de
773 1012 915 1045 salutari
932 1012 1080 1045 adventu
1098 1012 1173 1045 Iesu
1192 1012 1316 1045 Christi
1333 1012 1390 1046 fol.
1407 1012 1483 1046 506.
1501 1012 1541 1046 de
1558 1013 1718 1057 passione
1735 1016 1768 1046 et
1784 1023 1884 1046 cruce

345 1057 473 1091 domini
489 1056 546 1091 fol.
565 1057 641 1092 802.
679 1058 877 1101 Hieronymi
893 1064 975 1091 tom.
992 1057 1048 1090 III.
1066 1058 1162 1102 epist.
1182 1057 1340 1091 CXXIX.
1358 1057 1416 1092 fol.
1433 1056 1509 1091 370.
1533 1058 1567 1091 in
1591 1058 1770 1102 epistolam
1786 1057 1885 1092 Pauli

344 1103 385 1136 ad
403 1102 601 1136 Thessalon.
619 1114 691 1148 cap.
712 1103 766 1137 IV.
784 1103 817 1136 iu
835 1103 966 1147 epistol.
986 1104 1027 1136 ad
1047 1102 1168 1147 Ephes.
1182 1103 1238 1136 lib.
1259 1103 1298 1137 11.
1318 1114 1391 1148 cap.
1409 1102 1465 1137 IV.
1502 1102 1626 1137 Iuliani
1642 1102 1803 1148 Episcopi
1819 1102 1884 1138 To·

343 1149 448 1182 letani
490 1154 642 1191 rognost.
661 1149 718 1181 lib.
737 1148 776 1181 II.
795 1159 868 1192 cap.
886 1148 961 1181 XlI.
1002 1146 1171 1181 Theodori
1196 1148 1372 1182 Abucarae
1389 1149 1423 1182 in
1442 1148 1602 1193 disputat.
1620 1158 1697 1182 cum
1714 1148 1883 1183 Emeseno

344 1204 416 1239 cap.
435 1160 505 1227 VFI.
532 1194 679 1235 Remigii
697 1193 889 1226 Altisiodor.
908 1194 1055 1238 episcop.
1075 1194 1108 1226 in
1126 1193 1250 1228 Psalm.
1267 1193 1443 1227 LXXXV.
1460 1194 1495 1227 in
1512 1192 1714 1227 Zachariam
1731 1203 1805 1239 cap.
1821 1193 1883 1228 IX.

342 1239 456 1273 Bedae
474 1239 507 1272 in
525 1238 594 1272 Iob.
614 1239 669 1272 lib.
686 1239 707 1272 1.
723 1250 794 1283 cap.
810 1239 853 1272 X.
879 1237 1055 1282 Theophili
1072 1238 1295 1272 Alexandrini
1313 1240 1462 1284 episcop.
1481 1239 1621 1283 allegor.
1638 1240 1673 1273 in
1690 1237 1807 1274 Iohan.
1824 1238 1883 1274 fol.

345 1284 417 1319 191.
436 1291 517 1318 tom.
536 1284 589 1317 IV.
609 1283 761 1317 biblioth.
779 1290 924 1328 patrum.
965 1284 1134 1317 Ambrosii
1153 1285 1186 1317 in
1205 1285 1302 1327 epist.
1318 1283 1413 1318 Pauli
1431 1284 1472 1318 ad
1490 1284 1633 1318 Roman.
1650 1295 1723 1330 cap.
1742 1284 1780 1320 V.
1805 1283 1884 1330 Epi-

367 1329 458 1363 hanii
475 1334 593 1363 contra
610 1330 771 1363 Tatianos
789 1328 940 1362 haeresis
958 1329 1076 1362 XLVI.
1108 1328 1240 1363 Sedulii
1256 1330 1289 1363 in
1308 1330 1406 1374 epist.
1421 1328 1517 1363 Pauli
1535 1330 1577 1363 ad
1593 1329 1737 1364 Roman.
1755 1339 1828 1375 cap.
1846 1329 1883 1364 V.

342 1341 499 1419 Bionysii
517 1374 766 1408 Carthusiensis
784 1376 817 1408 in
835 1376 931 1419 epist.
948 1374 1036 1408 Petri
1054 1375 1078 1408 I.
1096 1385 1170 1419 cap.
1190 1374 1245 1408 111.
1262 1375 1297 1408 in
1315 1376 1399 1408 Acta
1415 1376 1557 1420 apostol.
1575 1386 1649 1420 cap.
1666 1375 1707 1410 II.
1731 1374 1884 1410 'rhomae

341 1421 522 1465 Aquinatis
539 1420 569 1455 3.
588 1426 670 1465 part.
690 1431 813 1453 summ.
833 1425 961 1464 quaest.
979 1419 1062 1453 LIII.
1081 1421 1211 1454 articul.
1230 1420 1268 1455 V.
1288 1425 1320 1453 et
1337 1425 1491 1465 sequent.
1530 1421 1583 1455 Ad
1606 1421 1680 1455 eius
1703 1420 1882 1455 confirma-

342 1467 469 1500 tionem
487 1472 647 1510 promunt
671 1465 753 1499 haec
771 1466 957 1510 scripturae
973 1466 1180 1500 testimonia.
1212 1465 1335 1500 Genes.
1352 1465 1532 1501 XXXVII.
1550 1477 1638 1500 vers,
1654 1465 1709 1501 35.
1735 1466 1882 1500 Descen-

343 1514 419 1545 dam
438 1513 599 1556 adfilc'unz
620 1525 718 1544 meum
738 1513 851 1554 luyeus·
869 1514 901 1543 ιή
920 1514 1093 1555 inser-num.
1133 1511 1329 1545 Ecclesiast.
1347 1522 1421 1557 cap.
1438 1511 1566 1545 XXIV.
1582 1522 1668 1546 vers.
1685 1510 1740 1546 45.
1778 1511 1882 1546 Pene-

342 1558 436 1591 trabo
454 1569 561 1591 omnes
579 1560 754 1601 inferiores
766 1564 886 1601 patres
904 1563 1024 1597 terrae,
1044 1564 1075 1589 et
1090 1559 1267 1602 inspiciam
1285 1569 1393 1590 omnes
1410 1558 1617 1599 dormientes,
1643 1562 1675 1591 et
1687 1557 1882 1591 illuminabo

340 1615 448 1636 omnes
463 1609 636 1648 sperantes
654 1606 686 1635 in
705 1604 877 1636 dominum.
917 1601 1101 1635 Zachariae
1119 1602 1179 1637 IX.
1197 1613 1283 1637 vers.
1307 1602 1356 1635 ll.
1394 1602 1440 1635 Tu
1457 1614 1580 1647 quoque
1596 1605 1631 1635 in
1647 1605 1812 1647 sanquine
1829 1608 1882 1637 tuo

341 1651 478 1682 emisisti
501 1651 627 1681 vinctos
651 1656 721 1681 tuos
745 1649 784 1680 dc
807 1649 884 1680 lacu
908 1651 940 1680 in
966 1660 1025 1691 quo
1044 1659 1106 1680 non
1129 1654 1177 1680 est
1192 1660 1292 1691 aqua.
1330 1646 1402 1681 Iob.
1421 1658 1459 1681 ca
1487 1674 1494 1681 .
1510 1647 1705 1682 XXXVIII.
1722 1658 1810 1682 vers.
1831 1647 1882 1683 17.

340 1695 493 1738 Aper-tae
508 1700 584 1727 sunt
600 1694 660 1726 tibi
670 1699 792 1738 portae
809 1697 933 1733 mortis,
951 1699 983 1725 et
997 1696 1082 1726 ostia
1098 1694 1270 1726 tenebrosa
1286 1695 1413 1728 vidisti.
1438 1659 1540 1728 Ikikt.
1553 1692 1584 1727 3.
1598 1704 1684 1727 vers.
1702 1693 1752 1727 19.
1776 1693 1825 1727 Et
1838 1696 1883 1727 iis

341 1743 397 1785 qni
419 1742 452 1772 in
478 1751 617 1772 carcere
641 1745 741 1772 erant
760 1739 936 1783 spiritibus
958 1742 1090 1771 veniens
1106 1740 1337 1782 praedicarit.
1378 1738 1599 1783 Bullingerus
1615 1740 1650 1773 in
1667 1737 1883 1774 Matthaeum

341 1796 414 1830 cap.
432 1784 543 1818 XXV.
567 1784 683 1818 Iohan.
702 1783 862 1817 Calvinus
879 1784 1024 1818 institut.
1043 1784 1100 1817 lib.
1114 1783 1155 1817 ΙΙ.
1174 1795 1247 1829 cap.
1266 1783 1356 1818 XVI.
1376 1785 1394 1827 ξ
1413 1787 1443 1819 9.
1473 1783 1565 1818 Beza
1579 1785 1615 1818 in
1633 1788 1710 1818 acta
1724 1784 1881 1830 Apostol.

341 1841 414 1875 cap.
431 1830 471 1864 II.
496 1831 530 1863 in
554 1831 686 1875 epistol.
710 1829 800 1862 Petri
816 1829 840 1862 I.
859 1840 930 1874 cap.
944 1828 975 1863 3.
1000 1834 1032 1862 et
1054 1829 1089 1862 in
1114 1830 1211 1873 epist.
1229 1829 1271 1862 ad
1289 1828 1410 1874 Ephes.
1429 1840 1501 1875 cap.
1518 1830 1574 1863 IV.
1592 1830 1688 1876 aiunt
1709 1829 1883 1875 praedicta

339 1877 415 1910 loca
429 1876 516 1909 male
536 1886 555 1908 a
568 1876 737 1908 veteribus
758 1875 889 1908 detorta
901 1875 942 1908 ad
957 1886 1123 1908 carcerem
1137 1876 1317 1919 poenalem
1330 1875 1463 1920 piarum
1482 1876 1692 1916 animarum3
1710 1886 1788 1910 cum
1803 1875 1883 1910 illae

340 1922 443 1956 etiam
472 1926 550 1954 ante
575 1920 700 1954 Christi
723 1921 907 1954 adventum
932 1925 964 1954 et
992 1921 1188 1965 passionem
1215 1921 1250 1954 iu
1274 1921 1530 1965 tranquillitatis
1560 1921 1640 1955 sinu
1665 1921 1838 1955 immunes
1861 1932 1883 1955 a

340 1977 451 2012 poena
473 1966 609 2007 fuerint,
632 1966 884 2010 exspectandae
908 1967 1069 1999 nimirum
1092 1966 1348 2000 resurrectionis
1370 1966 1493 2000 solatia
1515 1970 1702 2011 carpentes.
1740 1965 1883 2001 Illorum

341 2013 521 2046 assertioni
538 2023 605 2045 non
622 2011 754 2044 videtur
778 2012 1008 2045 contradicere
1025 2012 1256 2056 Augustinus,
1282 2011 1363 2045 dum
1382 2011 1526 2053 fatetur,
1551 2022 1587 2045 se
1605 2011 1716 2046 adhuc
1739 2012 1882 2054 nescire,

341 2057 421 2102 quid
441 2058 520 2091 boni
537 2056 661 2090 Christi
677 2057 862 2090 descensus
880 2057 921 2090 ad
939 2057 1065 2090 inferos
1087 2057 1269 2091 contulerit
1284 2057 1350 2090 illis
1367 2057 1479 2098 iustis,
1504 2058 1562 2094 oui
1578 2057 1613 2091 in
1629 2058 1707 2091 sinu
1723 2056 1883 2092 Abrahae

341 2108 444 2143 erant,
462 2114 480 2136 a
499 2103 622 2147 quibus
647 2102 835 2135 secundum
859 2102 1054 2136 beatificam
1078 2103 1307 2147 praesentiam
1333 2113 1415 2136 suae
1432 2102 1619 2136 divinitatis
1636 2113 1813 2148 nunquam
1829 2114 1881 2137 re-

341 2149 451 2182 cessit.
478 2148 544 2182 Sed
562 2149 638 2181 loca
653 2148 838 2192 Augustini
854 2149 929 2192 ipsa
944 2148 979 2181 in
996 2148 1147 2181 medium
1165 2146 1402 2193 protrahemus
1419 2159 1462 2181 ex
1480 2148 1578 2193 epist.
1593 2148 1720 2182 XCIX.
1738 2148 1780 2182 ad
1793 2148 1880 2183 Evo-

340 2194 434 2228 dium
449 2199 530 2228 tom.
547 2193 584 2227 11.
602 2193 660 2227 fol.
679 2193 753 2226 264.
805 2193 901 2232 Quod
910 2196 1056 2238 primum
1073 2193 1231 2227 hominem
1242 2199 1377 2238 patrem
1392 2196 1526 2238 yenerz's
1542 2194 1680 2227 humani
1695 2206 1735 2227 ez·
1749 2196 1881 2238 inferno

339 2241 473 2273 solz-erit
502 2239 665 2279 Christus,
691 2240 833 2272 ecclesia
846 2241 926 2282 sere
950 2245 1018 2272 tota
1041 2243 1217 2272 consentit:
1240 2240 1327 2283 quod
1348 2251 1421 2272 eam
1443 2251 1506 2272 non
1527 2241 1676 2272 inaniter
1697 2240 1881 2273 credidisse

340 2286 538 2319 credendum
562 2292 625 2325 est,
650 2287 783 2318 etiamsi
799 2287 1038 2317 canonicarum
1058 2287 1306 2328 scripturarum
1323 2285 1401 2317 ltine
1419 2296 1576 2329 expressa
1599 2297 1664 2318 uon
1678 2287 1881 2329 proseratur

341 2334 536 2364 auc-toritas,
561 2331 704 2363 Addunt
714 2331 847 2374 quidam
865 2329 926 2362 hoc
939 2330 1129 2373 heneficium
1146 2333 1245 2363 etiam
1263 2333 1408 2374 antiquis
1423 2332 1669 2374 sancti-&juisse
1682 2341 1879 2371 concessum,

340 2377 436 2417 Abel,
452 2375 541 2416 Seth,
563 2375 650 2416 Νοέ,
675 2382 706 2408 et
722 2376 832 2408 domui
848 2378 927 2415 eius,
943 2375 1134 2415 Abraham,
1152 2375 1258 2408 Isaac
1276 2382 1307 2409 et
1322 2376 1438 2416 Iacob,
1457 2376 1598 2420 aliisque
1609 2375 1828 2420 patriarchis
1849 2382 1882 2410 et

334 2421 526 2467 prophetis,
553 2427 588 2454 ut
609 2433 679 2453 cum
699 2422 847 2454 dominus
861 2424 897 2453 in
914 2423 1079 2464 ‹laser-num
1101 2423 1255 2461 venisset,
1278 2422 1347 2454 illis
1371 2421 1539 2455 doloribus
1560 2422 1775 2455 solverentur.
1812 2420 1881 2454 Sed

340 2480 477 2512 quonam
496 2468 587 2500 modo
603 2467 827 2510 intelliyatur,
851 2465 1030 2498 Abraham
1054 2468 1089 2498 in
1113 2469 1206 2498 cuius
1221 2469 1327 2499 sinum
1345 2469 1445 2499 etiam
1459 2469 1542 2511 pius
1557 2478 1694 2511 pauper
1708 2472 1879 2511 susceptus

341 2520 402 2552 est,
438 2515 472 2544 in
505 2513 574 2544 illis
599 2514 710 2556 fuisse
738 2511 922 2551 doloribus,
959 2523 1016 2554 eqo
1044 2512 1173 2554 quidem
1201 2524 1264 2544 non
1296 2513 1408 2552 video,
1444 2512 1617 2556 explicant
1639 2514 1792 2556 fortasse
1822 2514 1879 2556 qui

334 2565 483 2602 possunt.
518 2557 611 2590 Solos
640 2565 747 2591 autem
776 2558 872 2597 duos,
900 2558 939 2590 id
965 2562 1015 2589 est
1040 2556 1220 2590 Abraham
1244 2564 1276 2590 et
1297 2556 1484 2598 Lazarum,
1515 2560 1551 2590 in
1573 2558 1630 2591 illo
1655 2555 1878 2591 memorabilis

341 2606 457 2646 quietis
479 2605 551 2635 sinu
566 2605 676 2646 fuisse
698 2609 873 2646 antequam
898 2603 1047 2635 dominus
1069 2604 1105 2635 in
1125 2605 1261 2646 inferna
1286 2603 1513 2643 descenderet,
1538 2609 1570 2636 et
1591 2603 1631 2636 de
1651 2604 1727 2635 istis
1751 2607 1878 2636 tantum

341 2649 464 2681 duobus·
487 2650 609 2681 dictum
625 2650 735 2692 J'uisse
756 2649 809 2680 illa
833 2649 948 2681 diviti.-
969 2651 1056 2681 inter
1078 2660 1136 2681 ‘vos
1158 2653 1190 2680 et
1210 2660 1267 2681 nos
1284 2647 1386 2681 chaos
1401 2660 1556 2690 maynum
1571 2649 1736 2689 firmatum
1752 2652 1802 2680 est
1815 2652 1875 2680 etc.

341 2696 448 2726 nescio
473 2700 577 2725 utrum
599 2696 770 2737 quisquam
791 2695 848 2733 sit,
874 2695 929 2726 cui
951 2705 1013 2726 non
1035 2694 1191 2726 videatur
1220 2694 1408 2726 absurdum.
1447 2693 1555 2727 Porro
1581 2695 1615 2725 si
1634 2693 1752 2737 plures
1778 2703 1876 2735 quam

342 2740 404 2771 duo
432 2739 480 2771 ihi
506 2746 619 2779 erant,
648 2742 720 2782 quis
748 2740 875 2772 audeat
907 2739 1036 2778 dicere,
1069 2750 1132 2772 non
1158 2739 1207 2771 ibi
1230 2741 1340 2782 fuisse
1363 2738 1592 2783 patriarchas
1623 2744 1655 2771 et
1677 2736 1875 2781 prophetas,

341 2784 455 2827 quibus
478 2786 511 2816 in
533 2787 707 2828 scriptura
731 2785 786 2816 dei
811 2786 960 2817 'iustitiae
977 2787 1179 2828 pietatisque
1203 2789 1270 2816 tam
1292 2787 1420 2827 tusique
1437 2785 1651 2817 testimonium
1660 2781 1878 2826 perhibetur!

345 2829 436 2866 Quid
464 2828 516 2862 his
546 2841 623 2872 erqo
646 2825 874 2872 praestiterit,
905 2832 960 2872 qui
983 2830 1112 2862 dolores
1139 2830 1238 2862 solvit
1262 2831 1404 2873 inferni,
1432 2832 1468 2862 in
1495 2828 1609 2872 quibus
1634 2828 1689 2860 illi
1715 2838 1778 2860 non
1796 2830 1875 2871 sue-

341 2879 432 2913 runt,
461 2875 600 2907 nondum
626 2874 793 2916 intellc‘qo:
816 2877 1018 2917 praesertim
1046 2877 1125 2918 quia
1149 2886 1188 2907 ne
1212 2877 1302 2918 ipsos
1326 2875 1454 2918 quidem
1480 2876 1606 2917 iuferos
1630 2873 1762 2916 uspiam
1789 2875 1875 2906 scri-

336 2924 516 2962 pturarum
540 2920 622 2952 locis
644 2921 679 2951 in
704 2919 782 2951 bono
809 2920 996 2962 appellatos
1012 2921 1111 2964 potui
1133 2922 1292 2962 reperire.
1336 2920 1433 2958 Quod
1452 2921 1484 2951 si
1504 2929 1668 2961 nunquam
1690 2919 1726 2950 in
1750 2918 1874 2952 divini-s·

344 2964 598 2996 auctoritatibus
626 2964 763 3006 leyitur,
798 2975 861 2996 non
893 2967 1004 3008 utique
1035 2967 1128 2997 sinus
1153 2965 1211 2997 ille
1237 2964 1420 3004 Abrahae,
1448 2964 1488 2998 id
1513 2968 1562 2995 est
1590 2969 1740 2996 secretae
1766 2966 1874 2997 cuius·

344 3008 421 3040 dam
448 3011 564 3052 quietis
589 3008 772 3049 hahitatio,
797 3009 911 3052 alc'qua
933 3021 1023 3053 pars
1045 3011 1227 3054 miserorum
1251 3021 1318 3043 esse
1343 3010 1510 3043 credenda
1535 3013 1597 3049 est,
1623 3019 1811 3052 quanquam
1837 3011 1874 3043 in
