2052 3374
1581 217 1659 258 389

115 319 233 355 Graec.
249 323 331 353 tom.
345 319 374 352 2.
394 318 521 354 Concil.
540 330 612 364 cap.
628 319 748 353 LXIII.
767 319 824 353 fol.
841 318 916 352 226.
943 318 1100 353 Gelasius
1119 319 1160 352 de
1176 318 1270 352 Actis
1288 319 1408 353 concil.
1422 317 1564 352 Nicaeni
1580 328 1659 363 pag.

116 365 189 401 167.
215 365 425 399 Iustinianus
443 365 528 411 Imp.
544 365 685 399 Novella
702 364 775 400 123.
803 364 932 398 Concil.
950 365 1197 398 Eliberitanum
1215 375 1289 409 cap.
1304 365 1385 398 XX.
1416 364 1567 398 Basilius
1586 365 1659 398 Ma-

112 422 203 456 gnus
220 414 335 445 tamen
350 410 453 444 tradit
469 411 503 444 in
521 412 669 456 epitome
684 411 718 444 S.
730 410 859 445 Canon.
876 410 936 445 fol.
956 410 1005 444 18.
1025 423 1104 450 eam,
1123 413 1179 454 qm?
1190 422 1312 443 usuras
1326 413 1468 455 accepit,
1486 413 1516 443 si
1532 411 1660 444 lucram

112 459 270 491 iniustum
287 458 489 501 expenderit,
508 464 539 490 et
551 459 760 500 inposterum
781 468 901 489 usuras
919 459 1077 500 accipere
1095 457 1240 496 desierit,
1260 457 1308 489 ad
1322 458 1546 489 sacerdotium
1561 467 1660 500 posse

113 504 255 537 admitti.
280 501 320 535 ‘O
338 502 452 540 τόκους
470 503 610 547 (inquit)
628 500 814 547 λαμβάνων,
834 499 859 533 εἴ
875 501 911 533 το
931 498 1040 534 ἄδικον
1058 501 1169 546 κέρδος
1188 499 1227 539 εἷς
1242 501 1395 546 πτωχοὺς
1414 499 1589 545 ἀναλώσει,
1608 500 1660 534 καὶ

112 551 169 581 τοῦ
186 547 302 581 λοιποῦ
316 547 474 580 παύσαιτο
492 549 605 586 τόκους
623 545 938 592 λαμβάνων,’δεκτ“ο;
957 545 998 585 εἰς
1015 545 1199 591 ἱερωσύνην.

178 593 296 639 Neque
313 594 372 638 qui
387 593 422 626 in
440 604 541 627 scena
557 594 681 627 lusisse
699 593 926 638 dignoscitur]
952 591 1081 626 Canon.
1100 596 1209 637 apost.
1227 592 1397 638 cap.XLI.
1424 591 1622 632 Ἐπίσκοπος
1639 593 1659 635 ἢ

112 639 324 685 πρεσβύτερος
346 640 365 681 ἢ
390 638 535 678 διάκονος
558 639 666 683 κύβοις
692 637 866 684 σχολάζων
891 638 943 670 καὶ
967 638 1074 683 μέθαις
1099 639 1117 680 ἢ
1140 637 1318 670 παυσάσθω
1335 639 1353 681 ἢ
1370 638 1592 684 καθαιρείσθω.
1623 639 1661 673 Id

112 688 180 727 est,
197 684 388 730 Episcopus
406 692 464 718 aut
474 686 660 729 presbyter,
679 691 739 718 aut
755 686 935 724 diaconus,
954 687 1009 727 qui
1027 685 1077 717 vel
1093 685 1171 717 alea
1190 686 1241 717 rel
1257 685 1474 717 ebrietatibus
1491 686 1660 728 indulget,

111 732 164 764 vel
179 732 329 771 desinite,
347 731 400 763 vel
415 732 596 776 deponitor.
621 730 697 765 Vid.
715 729 856 764 Photius
874 729 1060 764 Nomocan.
1080 730 1179 763 titulo
1194 729 1256 763 IX.
1274 741 1346 775 cap.
1360 730 1505 764 XXVII.
1539 729 1659 764 Petrus

110 776 300 818 Damianus
317 777 415 822 epist.
435 775 465 811 2.
483 776 541 810 fol.
556 775 632 811 358.

177 821 295 867 Neque
310 833 389 856 eum
402 822 461 867 qui
473 822 610 867 publica
623 822 834 867 paenitentia
846 821 1006 855 mortalia
1019 821 1162 855 crimina
1176 820 1293 864 deflet]
1311 821 1439 855 Concil.
1453 821 1660 866 Epaunense

111 878 185 914 cap.
199 867 256 902 IV.
282 867 528 901 Paenitentiam
540 871 689 912 professi
705 869 752 901 acl
765 869 961 901 clericatum
973 870 1109 912 penitus
1126 880 1187 900 non
1203 873 1369 900 vocentur.
1395 867 1588 912 Stephanus
1598 867 1659 902 ΡΡ.

113 914 141 948 1.
159 914 257 959 epist.
275 913 318 946 ad
333 913 501 947 Hilarium
518 917 599 947 tom.
618 914 645 946 l.
663 913 791 947 Concil.
807 913 867 946 fol.
888 912 960 946 156.
986 912 1113 947 Concil.
1131 912 1329 957 Agathense
1347 923 1420 958 cap.
1433 913 1554 947 XLIII.
1574 913 1660 947 Con—

111 959 165 994 cil.
182 959 386 993 Toletanum
404 959 458 993 IV.
477 969 550 1004 cap.
565 958 650 992 LIII.
676 958 804 993 Concil.
823 959 1021 992 Arelatense
1031 958 1087 992 111.
1103 969 1175 1004 cap.
1192 958 1246 992 IlI.
1272 957 1399 992 Concil.
1415 959 1613 993 Arausican.
1632 960 1659 993 l.

110 1015 183 1051 cap.
202 1004 294 1039 XVI.
317 1004 434 1038 Isidor.
451 1005 665 1049 Hispalensis
690 1004 730 1038 de
755 1004 844 1038 offic.
870 1005 992 1038 eccles.
1019 1004 1121 1038 lib.‘.2.
1145 1015 1219 1049 cap.
1236 1004 1275 1038 V.
1302 1004 1523 1038 Innocentius
1547 1004 1609 1038 ΡΡ.
1630 1005 1659 1039 1.

109 1055 192 1085 tom.
209 1051 236 1084 l.
255 1049 381 1084 Concil.
399 1061 473 1095 cap.
489 1050 544 1083 VI.
584 1050 714 1094 Corpus
733 1049 860 1083 Canon.
886 1050 962 1083 dist.
976 1049 1012 1084 L.
1037 1049 1231 1083 Ludovicus
1255 1049 1339 1095 Imp.
1364 1050 1526 1084 addition.
1544 1050 1599 1083 IV.
1617 1049 1660 1085 ad

111 1095 304 1142 Capitulare
320 1095 432 1130 Caroli
446 1096 565 1139 Magni
582 1106 610 1130 0.
626 1095 680 1128 IV.
698 1095 879 1129 Durandus
894 1099 1038 1129 sentent.
1057 1096 1114 1130 lib.
1130 1095 1186 1130 IV.
1206 1095 1353 1129 distinct.
1368 1096 1459 1129 XIV.
1475 1101 1605 1140 quaest.
1619 1096 1659 1129 V.

176 1141 295 1187 Neque
308 1152 387 1175 eum
400 1142 459 1186 qui
471 1141 654 1186 aliquando
667 1141 844 1184 insanivit]
871 1140 1000 1175 Canon.
1017 1140 1145 1175 Concil.
1162 1141 1283 1175 Niceni
1295 1142 1442 1182 Arabici,
1457 1152 1542 1186 quos
1556 1142 1659 1175 Fran-

111 1188 187 1222 cise.
205 1187 392 1221 Turrianus
409 1187 510 1220 vertit
527 1197 601 1231 cap.
620 1187 648 1220 1.
676 1187 828 1219 Iubemas
846 1194 880 1219 ut
895 1190 1034 1220 v[nerana-5·
1053 1199 1112 1220 non
1124 1188 1193 1232 fiat
1209 1188 1361 1220 clericus.
1387 1186 1582 1233 Stephanus
1596 1187 1658 1222 ΡΡ.

111 1233 208 1279 epist.
227 1232 271 1266 ad
288 1233 455 1266 Hilarium
472 1236 554 1266 tom.
573 1233 599 1266 l.
620 1231 747 1266 Concil.
764 1231 823 1266 fol.
844 1231 916 1265 156.

175 1279 240 1312 Vel
261 1278 388 1312 diaboli
411 1276 597 1311 afflictione
618 1279 779 1320 vexatus]
805 1277 961 1323 Epitome
979 1278 1014 1312 S.
1029 1277 1159 1313 Canon.
1182 1277 1309 1313 f01.31.
1329 1277 1368 1312 Ὁ
1388 1279 1561 1323 δαιμονιῶν
1580 1278 1660 1324 μήτε

111 1323 321 1370 κληρούσθω,
346 1324 425 1369 μήτε
447 1325 572 1362 πιστοῖς
591 1322 807 1368 συνευχέσθω,
827 1323 1026 1368 memma-:13
1045 1322 1096 1367 δὲ,
1116 1322 1141 1356 εἰ
1160 1321 1254 1367 ἄξιος7
1274 1324 1516 1370 προςδεχθήτω.
1542 1324 1578 1358 Id
1599 1329 1660 1367 est,

113 1370 180 1409 Qui
195 1383 218 1403 a
235 1371 393 1403 daemone
409 1375 560 1409 vexatur,
579 1381 678 1413 neque
696 1370 931 1412 ‹·lerz'eusfiat‚
951 1381 1050 1413 neque
1068 1371 1307 1414 cumficlele'bzts
1319 1378 1488 1415 precetur.
1514 1371 1660 1404 Mundus

110 1421 229 1457 autem,
246 1418 277 1449 sz'
293 1416 413 1459 diffletis
430 1421 486 1455 est,
505 1416 702 1449 admittitor.
745 1413 903 1448 Gelasius
920 1414 982 1449 ΡΡ.
1001 1416 1035 1448 111
1054 1415 1197 1449 decretis
1215 1420 1296 1449 tom.
1320 1416 1346 1450 1.
1365 1415 1494 1450 0011011.
1513 1427 1540 1450 0.
1559 1415 1657 1452 XXI.

108 1461 248 1496 Photius
266 1460 452 1495 Nomocan.
470 1461 520 1495 tit.
535 1461 559 1495 1.
578 1471 651 1506 cap.
665 1460 742 1494 XV.
761 1460 889 1494 Concil.
906 1461 1106 1495 Arausican.
1127 1461 1153 1495 1.
1172 1471 1246 1506 cap.
1260 1461 1351 1496 XVI.
1371 1461 1499 1496 Concil.
1518 1461 1658 1496 Eliberi-

109 1512 229 1541 tanum
245 1517 319 1552 cap.
334 1506 467 1541 XXIX.

176 1552 294 1598 Neque
319 1553 378 1608 qui
398 1563 459 1598 per
475 1552 695 1586 ambitionem
712 1552 892 1598 pecuniam
911 1551 1023 1596 offert]
1051 1552 1178 1587 Canon.
1197 1556 1306 1598 apost.
1325 1563 1396 1598 cap.
1410 1553 1528 1587 XXX.
1560 1551 1598 1587 Et
1614 1565 1659 1593 τις

109 1597 282 1637 ἐπίσκοπος
301 1598 352 1631 δια
368 1596 545 1654 χρημάτων
562 1600 617 1640 τῆς
632 1595 717 1637 ἀξίας
731 1598 847 1640 ταύτης
865 1596 1020 1643 ἐγκρατὴς
1035 1598 1174 1643 γένηται,
1192 1599 1209 1641 ἢ
1226 1598 1450 1643 πρεσβύτερος,
1468 1600 1486 1641 ἢ
1503 1597 1658 1644 διάκονος,

110 1643 320 1699 καθαιρείσθω
338 1643 390 1676 καὶ
405 1644 501 1682 αυτὸς
525 1643 577 1676 καὶ
599 1641 614 1676 ὁ
629 1657 637 1665 1
655 1644 876 1688 ειροτονήσας,
903 1643 954 1676 καὶ
968 1643 1174 1677 ἐκκοπτέσθω
1192 1647 1246 1686 τῆς
1264 1645 1428 1682 κοινωνίας
1447 1643 1658 1690 παντάπασιν,

110 1688 154 1729 ὡς
171 1689 280 1735 Σιμων
299 1688 315 1722 ὁ
334 1687 437 1735 μάγος
454 1688 516 1722 ὑπὸ
535 1688 613 1735 ἐμοῦ
663 1689 764 1734 arpen.
790 1689 828 1723 Id
844 1693 910 1732 est,
932 1690 973 1723 δι’
994 1693 1065 1734 quis
1090 1693 1280 1735 episeopus,
1308 1691 1576 1735 compresbyter,
1603 1698 1662 1725 aut

111 1737 273 1770 diaeonus
283 1746 350 1780 per
361 1738 526 1780 pecunias
543 1736 632 1768 hane
650 1736 829 1769 obtinuerit
844 1738 1037 1780 diynitatem
1049 1762 1057 1777 ,
1082 1737 1266 1769 deliciatur
1291 1742 1321 1769 et
1341 1738 1412 1781 ipse
1438 1743 1468 1769 et
1484 1739 1659 1771 ordinator

111 1784 198 1822 eius,
223 1786 255 1814 et
277 1793 298 1814 α
323 1783 545 1815 communione
568 1782 672 1814 modis
695 1781 842 1814 omnibus
867 1783 1106 1822 abscindatur,
1129 1785 1217 1814 sicut
1237 1781 1348 1814 Simon
1367 1782 1490 1824 Meque
1508 1796 1528 1815 a
1547 1783 1657 1819 Petro.

109 1826 250 1862 Photius
267 1825 501 1860 Nomocanon.
526 1827 577 1860 tit.
595 1827 623 1860 1.
646 1837 718 1872 cap.
733 1826 786 1860 24.
814 1826 999 1869 Gregorius
1025 1828 1174 1872 Magnus
1200 1828 1298 1872 epist.
1324 1828 1380 1861 lib.
1396 1827 1455 1863 IX.
1476 1829 1572 1873 epist.
1591 1828 1658 1864 LV.

112 1872 309 1908 Gennadius
328 1871 588 1918 Constantinop.
605 1872 640 1906 in
658 1872 755 1917 epist.
774 1872 815 1906 ad
831 1872 866 1906 P.
882 1873 921 1908 R.
940 1877 1023 1907 tom.
1042 1872 1197 1907 biblioth.
1216 1879 1362 1918 patrum.
1377 1873 1537 1908 Tarasius
1555 1875 1659 1920 patri-

109 1917 213 1953 archa
230 1918 551 1963 Constantinopolit.
577 1917 619 1951 ad
641 1917 800 1952 Hadrian.
824 1917 886 1952 PP.
904 1919 939 1952 111
957 1920 1054 1964 epist.
1080 1918 1120 1952 de
1137 1930 1206 1953 non
1224 1919 1390 1952 faciendis
1408 1921 1551 1964 pecunia
1571 1920 1658 1955 ordi-

109 1964 318 1999 nationibus.
344 1962 685 1999 ConciLChalcedon.
704 1969 767 1997 act.
782 1964 855 1998 XV.
874 1964 994 2010 cap.Il.
1014 1964 1141 1998 Concil.
1161 1964 1387 1999 Cabilonense
1405 1977 1431 1999 c.
1450 1966 1541 2000 XVI.
1560 1966 1658 2011 Sym-

110 2009 221 2044 mach.
238 2009 301 2044 PP.
318 2010 354 2044 in
372 2009 494 2043 decret.
512 2013 594 2043 tom.
613 2010 640 2043 1.
666 2009 793 2043 Concil.
819 2020 892 2055 cap.
906 2010 946 2044 II.
966 2015 999 2044 et
1014 2010 1053 2044 V.
1085 2010 1279 2044 Ludovicus
1303 2011 1388 2056 Imp.
1413 2011 1453 2044 ad
1473 2011 1657 2057 Capitular.

111 2055 223 2090 Caroli
239 2055 361 2100 Magni
377 2066 450 2100 cap.
465 2055 556 2089 XIV.
573 2055 631 2090 fol.
649 2054 744 2088 1200.
770 2054 900 2101 Corpus
919 2055 1047 2091 Canon.
1067 2061 1153 2101 part.
1168 2056 1198 2090 2.
1217 2067 1321 2090 causa
1338 2058 1365 2091 l.
1385 2063 1516 2102 quaest.
1534 2058 1561 2093 1.
1599 2058 1657 2093 lus

113 2101 406 2136 Graeco-Roman.
423 2105 504 2135 tom.
522 2101 550 2134 1.
567 2100 624 2134 fol.
644 2099 714 2134 187.
733 2105 766 2134 et
783 2106 936 2146 sequent.

179 2146 260 2192 Gap.
276 2145 433 2180 LXXIII.
451 2167 494 2171 —-
510 2146 697 2180 Beatorum
713 2153 903 2191 martyrum
920 2147 1080 2192 reliquias
1097 2158 1135 2181 ac
1153 2147 1182 2182 si
1199 2147 1324 2182 Christi
1340 2149 1508 2193 membra]
1541 2149 1657 2185 Hiero-

111 2202 204 2238 nym.
222 2192 320 2237 epist.
333 2191 417 2226 LIII.
434 2191 492 2226 fol.
510 2191 582 2226 188.
601 2191 642 2225 ad
659 2191 851 2237 Riparium:
870 2193 942 2227 Nos
960 2200 1141 2237 martyrum
1158 2195 1320 2239 reliquias
1338 2207 1399 2228 non
1418 2197 1570 2236 colimus,
1595 2209 1658 2231 non

112 2239 312 2278 adoramus,
337 2249 376 2271 ne
398 2240 583 2271 serviamus
607 2244 786 2271 creaturae
806 2243 916 2283 potius
933 2252 1029 2285 quam
1048 2242 1204 2273 creatori.
1245 2240 1457 2274 Honorctmus
1473 2254 1599 2282 servos,
1623 2248 1660 2276 ut

112 2283 216 2318 honor
231 2294 399 2316 servorum
415 2284 578 2317 redundet
593 2284 640 2316 ad
656 2285 833 2324 dominum,
859 2287 915 2330 qzct'
931 2289 997 2326 ait,
1023 2288 1079 2330 qm·
1102 2298 1158 2318 ros
1173 2289 1323 2331 suscipit,
1342 2299 1390 2320 me
1406 2290 1555 2332 suscipit.
1581 2287 1655 2322 Vid.

111 2328 344 2364 Theodoretus
363 2327 442 2372 Cyri
458 2329 607 2374 episcop.
625 2328 695 2374 περὶ
711 2332 765 2372 τῆς
783 2331 846 2362 τῶν
865 2331 1036 2375 μαρτύρων
1055 2333 1145 2376 τιμῆς
1164 2336 1247 2365 orat.
1264 2331 1350 2365 VIII.
1365 2337 1481 2366 contra
1497 2332 1655 2370 Graecos,

111 2374 230 2409 Isidor.
247 2373 420 2408 Pelusiota
437 2374 494 2408 lib.
514 2374 540 2408 1.
559 2374 656 2419 epist.
674 2374 740 2408 LV.
776 2374 924 2410 Isidorus
944 2377 1155 2422 Hispalensis
1180 2378 1219 2411 de
1239 2377 1326 2411 offic.
1346 2379 1533 2412 ecclesiast.
1552 2379 1608 2413 lib.
1629 2380 1654 2415 1.

113 2431 185 2466 cap.
198 2419 364 2454 XXXIV.
392 2420 537 2463 Cyrillus
554 2420 940 2472 Alexandrinusfontra
961 2423 1128 2456 lulianum
1146 2423 1202 2456 lib.
1217 2423 1272 2458 VI.
1292 2424 1349 2457 fol.
1369 2424 1439 2457 140.
1465 2425 1520 2457 lib.
1534 2425 1578 2463 X,
1596 2425 1654 2460 fol.

112 2465 188 2501 234.
213 2464 386 2510 chrysost.
405 2470 444 2498 ad
462 2466 626 2510 populum
649 2465 847 2501 Antiochen.
872 2466 988 2503 homil.
1005 2468 1123 2503 LXVI.
1147 2469 1302 2502 Ambros.
1320 2480 1475 2503 sermone
1500 2470 1539 2503 de
1556 2470 1653 2505 Petro

113 2515 147 2546 et
161 2511 266 2546 Paulo
284 2511 449 2556 apostolis
471 2510 530 2544 fol.
548 2510 619 2546 142.
643 2512 678 2545 111
698 2512 785 2546 festo
808 2512 942 2547 Nazarii
966 2518 999 2547 et
1016 2513 1105 2548 Celsi
1120 2520 1260 2559 martyr.
1278 2515 1336 2548 fol.
1352 2515 1425 2550 246.
1451 2514 1567 2551 Iohan.
1586 2516 1653 2551 Da-

112 2568 264 2592 mascen.
282 2556 322 2590 de
338 2555 404 2590 fide
422 2555 600 2590 orthodox.
617 2557 676 2592 lib.
692 2557 747 2592 IV.
766 2568 839 2603 cap.
854 2559 945 2593 XVI.

179 2602 414 2637 Eunomianus
432 2606 465 2635 et
483 2601 731 2644 Vigilantianus
749 2604 908 2648 creditur]
946 2605 987 2638 Hi
1004 2606 1094 2639 enim
1117 2605 1278 2639 basilicas
1293 2608 1481 2649 martyrum
1502 2617 1571 2640 11011
1588 2607 1652 2642 fre-

114 2648 335 2694 quentabant,
352 2658 413 2681 nec
429 2647 588 2692 reliquias
607 2654 801 2683 sanctorum
818 2651 1085 2691 vene1·abantur;
1104 2650 1312 2684 Christianos
1331 2651 1417 2691 illos,
1434 2653 1490 2696 qui
1505 2657 1651 2687 mortuo-

113 2705 190 2728 rum
206 2692 385 2728 homiuum
403 2703 480 2726 ossa
496 2693 737 2738 suspiciebant,
755 2696 964 2739 appellantes
978 2697 1160 2730 cinerarios
1174 2701 1206 2729 et
1223 2696 1429 2730 idololatras.
1457 2697 1650 2733 Hieronvm.

115 2739 157 2774 ad
175 2739 350 2785 Riparium
373 2739 523 2784 presbyt.
549 2738 743 2783 epist.LlII.
767 2741 824 2774 fol.
844 2740 913 2776 188.
941 2742 1102 2775 adversus
1129 2741 1288 2785 vigilant.
1314 2741 1369 2775 lib.
1390 2742 1414 2774 l.
1433 2753 1505 2786 cap.
1521 2735 1649 2779 111.'f01.

117 2785 190 2820 191.
207 2785 242 2819 in
258 2784 394 2819 Esaiam
413 2785 469 2818 lib.
483 2783 605 2818 XVIII.
624 2794 651 2819 c.
669 2783 771 2818 LXV.
789 2785 1022 2821 Damascenus
1041 2787 1080 2820 de
1096 2786 1162 2820 fide
1181 2786 1357 2821 orthodox.
1379 2787 1433 2821 lib.
1446 2787 1500 2821 IV.
1518 2789 1647 2825 c.XV[.

182 2829 265 2875 Cap.
277 2829 433 2864 LXXIV.
452 2850 495 2855 —
513 2829 699 2875 Baptisatis
717 2834 850 2865 tantum
867 2843 942 2867 esse
959 2834 1021 2867 iter
1044 2833 1163 2866 salutis
1186 2832 1369 2875 credimus]
1396 2833 1428 2866 S.
1454 2838 1565 2878 patres
1591 2846 1648 2868 eos

116 2876 175 2921 qui
190 2876 458 2921 regenerationis
477 2881 690 2909 sacramenta
707 2887 774 2910 non
792 2882 871 2911 sunt
888 2878 1011 2923 adepti,
1030 2878 1167 2912 omnino
1182 2888 1200 2911 a
1215 2880 1383 2911 consortio
1402 2879 1575 2912 beatorum
1591 2891 1648 2913 ex-

116 2921 266 2963 cludunt,
284 2932 326 2955 ex
343 2922 402 2956 illa
417 2921 567 2955 maxime
579 2922 864 2975 pronunciatione
882 2923 1006 2958 Christi
1024 2923 1138 2957 Iohan.
1154 2922 1184 2956 3.
1202 2934 1286 2957 vers.
1301 2924 1330 2957 5.
1350 2923 1442 2966 ἀμὴν,
1462 2921 1542 2968 ἀμὴν
1561 2924 1647 2980 λέγω

118 2978 179 3010 σοι,
197 2965 248 2999 ἐὰν
263 2966 307 3012 μή
323 2979 368 3006 τις
385 2967 517 3012 γεννηθῇ
536 2965 566 3006 ἐξ
581 2966 698 3005 υδατος
715 2967 767 2999 καὶ
785 2969 973 3014 πνεύματος,
993 2969 1029 3001 οὐ
1048 2969 1178 3001 δύναται,
1195 2967 1338 3007 algemam
1356 2968 1395 3007 εἷς
1414 2969 1468 3011 τὴν
1486 2969 1646 3013 βασιλειαν

117 3014 174 3045 τοῦ
192 3011 282 3056 θεοῦ,
305 3023 409 3058 quam
433 3013 535 3046 etiam
551 3011 688 3046 trahunt
705 3012 747 3046 ad
764 3013 910 3048 infantes
928 3027 995 3049 non
1014 3015 1213 3059 baptizatos.
1245 3015 1457 3053 Auoustinus
1476 3015 1515 3049 de
1529 3027 1647 3062 pecca·

117 3060 232 3093 torum
245 3059 376 3093 meritis
393 3062 427 3093 et
449 3058 651 3093 remissione
675 3062 790 3094 contra
805 3059 980 3106 Pelagian.
1001 3061 1061 3095 lib.
1080 3060 1107 3094 1.
1126 3070 1197 3105 cap.
1215 3060 1339 3095 XXIV.
1385 3064 1510 3106 Optime
1526 3062 1648 3097 Punici
