2052 3374
504 189 617 215 LIBER
636 190 830 215 ADVERSUS
851 189 977 215 OMNES
996 190 1200 215 HAERESES.
1547 192 1626 233 275

81 293 200 334 terris
229 292 436 334 redditum
465 293 651 348 exemplo
683 297 912 335 ceterorum
940 298 1199 336 excresceret
1227 298 1268 334 et
1288 293 1566 336 effunderetur
1586 298 1627 335 et

81 365 214 402 totum
235 361 376 402 orbem
398 366 438 401 et
459 362 650 416 impleret
677 366 718 402 et
739 367 970 417 occuparet.
1020 363 1080 404 Dc
1103 363 1265 404 Christo
1288 367 1427 404 autem
1449 363 1506 404 sic
1530 377 1624 405 sen-

79 431 203 482 tiunt,
220 433 266 470 ut
277 429 418 471 dicant
433 429 550 470 illum
562 431 847 471 tantummodo
862 430 960 472 Seth
979 436 1101 486 etpro
1114 433 1202 486 ipso
1218 431 1317 472 Seth
1334 433 1471 486 ipsum
1483 432 1622 473 fuisse.

167 497 433 553 Carpocrates
454 503 669 553 praeterea
689 498 795 540 113110
816 498 913 539 tulit
933 503 1109 540 sectam:
1138 500 1275 541 [nam
1304 514 1394 541 esse
1417 501 1519 542 dicit
1537 503 1622 542 vir-

77 569 225 619 tutem,
246 567 290 608 in
311 567 591 622 superioribus
612 566 905 622 principalem,
935 581 984 607 ex
1013 567 1089 609 hac
1111 568 1291 623 prolatos
1313 569 1480 623 angelos
1502 574 1622 624 atque

78 635 272 688 virtutes,
303 648 406 690 quos
435 635 636 676 distantes
665 635 784 689 longe
813 649 838 675 a
868 635 1147 690 superioribus
1175 637 1399 679 virtutibus
1420 639 1622 680 mundum

78 704 204 744 istum
224 703 268 744 in
288 704 551 745 inferioribus
572 704 760 759 partibus
783 703 1035 744 condidisse:
1059 703 1267 746 Christum
1287 720 1370 747 non
1393 721 1441 748 ex
1463 709 1620 761 virgine

77 771 207 813 Maria
218 775 377 825 natum,
396 772 469 813 sed
486 786 535 812 ex
552 773 709 812 semine
726 771 876 826 Ioseph
890 771 1101 812 hominem
1117 775 1403 816 tantummodo
1421 778 1621 830 genitum,

79 853 176 880 sane
198 854 295 895 prae
317 842 463 881 ceteris
484 842 664 881 iustitiae
687 839 819 892 cultu,
847 841 955 880 vitae
984 841 1219 894 integritate
1247 842 1483 894 meliorem3
1511 843 1620 886 1111110

77 908 187 963 apud
207 908 382 950 Iudaeos
403 923 592 964 passum,
615 908 745 949 solam
765 909 948 948 animam
968 910 1098 963 ipsius
1120 911 1163 950 in
1186 910 1298 952 caelo
1320 917 1551 967 receptam,
1574 928 1619 955 eo

78 976 187 1031 quod
215 981 256 1018 et
283 978 438 1018 firmior
466 981 506 1018 et
526 977 733 1018 robustior
755 977 902 1018 ceteris
927 977 1068 1028 fuerit;
1099 992 1150 1018 ex
1172 992 1250 1033 quo
1274 979 1527 1035 1colligeret,
1557 998 1618 1023 re-

76 1049 235 1086 tentata
255 1046 488 1087 animarum
509 1045 596 1087 sola
617 1045 762 1098 salute,
783 1045 917 1085 nullas
941 1048 1120 1101 corporis
1142 1050 1475 1091 resurrectiones.

158 1114 259 1155 Post
277 1114 387 1155 hunc
411 1113 629 1156 Cerinthus
650 1114 882 1155 haereticus
905 1116 1052 1169 erupit,
1075 1115 1225 1156 similia
1248 1116 1412 1158 docens.
1450 1118 1557 1159 Nam
1579 1124 1619 1161 et

75 1183 163 1237 ipse
184 1182 386 1224 mundum
406 1183 641 1223 institutum
664 1196 753 1223 esse
775 1182 826 1223 ab
843 1182 926 1224 illis
945 1183 1061 1233 dicit:
1085 1183 1294 1226 Christum
1312 1199 1362 1226 ex
1378 1189 1534 1229 semine
1551 1189 1615 1229 Io-

77 1249 178 1305 seph
199 1255 343 1292 natum
362 1253 572 1306 proponit,
600 1251 809 1292 hominem
837 1251 954 1291 illum
981 1253 1266 1295 tantummodo
1289 1255 1378 1295 sine
1401 1256 1615 1299 divinitate

76 1319 346 1373 contendens,
366 1321 500 1375 ipsam
522 1333 682 1374 quoque
704 1319 837 1373 legem
859 1319 908 1361 ab
931 1320 1087 1373 angelis
1110 1321 1250 1362 datam
1276 1323 1519 1378 perhibenS,
1547 1326 1615 1367 Iu-

77 1387 271 1429 daeorum
292 1387 414 1429 deum
434 1402 517 1430 non
539 1387 765 1440 dominum,
788 1388 860 1429 sed
881 1388 1073 1442 angelum
1093 1404 1298 1444 promens.

158 1457 290 1498 Huius
312 1471 525 1499 successor
539 1457 670 1498 Ebion
692 1457 782 1509 fuit,
805 1457 996 1498 Cerintho
1019 1471 1099 1498 non
1117 1459 1159 1499 in
1178 1460 1289 1500 omni
1305 1466 1420 1516 parte
1441 1476 1614 1505 consen-

74 1526 204 1579 tiens,
232 1525 340 1580 quod
369 1540 391 1567 a
413 1526 488 1567 deo
517 1526 628 1567 dicat
646 1525 868 1578 mundum,
896 1539 979 1566 non
1001 1525 1052 1566 ab
1074 1527 1230 1580 angelis
1251 1528 1425 1583 factum,
1455 1535 1495 1571 et
1521 1534 1615 1586 quia

76 1595 277 1649 scriptum
299 1595 365 1647 sit,
387 1594 538 1635 1Νο1110
561 1593 787 1649 discipulus
811 1608 932 1649 super
952 1595 1209 1648 magistrum,
1231 1610 1307 1639 nec
1330 1612 1472 1640 servus
1494 1614 1615 1656 super

76 1661 310 1716 dominum,
330 1662 463 1717 legem
485 1664 609 1704 etiam
629 1664 834 1718 proponit,
857 1662 1017 1704 scilicet
1037 1663 1089 1704 ad
1111 1664 1415 1708 excludendum
1437 1682 1612 1723 evange-

74 1730 174 1772 lium
196 1735 237 1772 et
256 1730 552 1773 vindicandum
571 1730 839 1773 Iudaismum.

159 1799 404 1841 Valentinus
421 1804 558 1841 autem
574 1800 804 1841 haereticus
820 1799 970 1841 multas
988 1801 1217 1843 introduxit
1232 1803 1406 1845 fabulas.
1438 1806 1522 1847 Has
1540 1820 1612 1861 ego

75 1868 373 1910 circumcidens
396 1868 577 1909 breviter
598 1868 826 1923 expediam.
860 1868 1088 1910 Introducit
1109 1872 1219 1911 enim
1240 1871 1429 1915 Pleroma
1449 1879 1490 1914 et
1505 1875 1611 1918 Aeo-

74 1949 147 1977 nes
168 1938 357 1990 triginta3
382 1938 547 1992 exponit
570 1941 705 1977 autem
729 1937 802 1977 hos
825 1950 896 1991 per
917 1939 1122 1991 syzygias,
1151 1939 1193 1980 id
1222 1944 1285 1981 est
1306 1943 1612 1995 coniugationes

75 2004 286 2059 quasdam.
334 2005 440 2046 Nam
470 2005 569 2046 dicit
597 2007 638 2045 in
668 2007 810 2059 primis
840 2019 929 2046 esse
950 2006 1113 2059 Bython
1142 2013 1182 2048 et
1203 2008 1442 2064 Silentium,
1471 2026 1519 2053 ex
1546 2013 1610 2054 his

74 2073 85 2096 ¹
94 2075 344 2128 processisse
366 2074 548 2115 Mentem
570 2078 611 2114 et
631 2073 878 2127 Veritatem,
907 2088 955 2115 ex
985 2075 1133 2129 quibus
1161 2079 1344 2132 erupisse
1366 2080 1545 2122 Verbum
1571 2085 1613 2123 et

73 2141 224 2194 Vitam,
241 2141 290 2183 de
309 2141 455 2196 quibus
472 2156 634 2182 rursum
653 2146 835 2182 creatum
847 2143 1066 2184 Hominem
1077 2149 1117 2184 et
1132 2144 1372 2188 Ecclesiam.
1403 2147 1485 2190 Sed
1501 2152 1611 2192 enim

74 2223 124 2250 ex
143 2209 209 2251 his
231 2223 389 2264 quoque
410 2211 662 2264 processisse
685 2209 901 2252 duodecim
921 2212 1097 2266 Aeonas,
1120 2213 1170 2255 de
1193 2214 1390 2257 Sermone
1412 2222 1549 2259 autem
1570 2223 1610 2259 et

75 2277 170 2318 Vita
188 2278 351 2319 Aeonas
373 2278 472 2319 alios
496 2278 658 2318 decem:
682 2278 786 2319 113110
809 2293 898 2320 0550
916 2280 1108 2332 „Aeonum
1128 2284 1409 2337 triacontada,
1439 2300 1541 2340 quae
1563 2288 1608 2328 fit

75 2347 116 2387 in
137 2346 367 2388 Pleromate
390 2360 439 2386 ex
461 2346 641 2399 ogdoade
665 2352 705 2387 01
723 2347 875 2388 decade
897 2362 944 2389 30
963 2349 1212 2392 duodecade.
1245 2352 1518 2396 Tricesimum
1533 2369 1604 2397 au-

73 2416 159 2456 tem
179 2415 363 2456 Aeonem
390 2415 551 2468 Bython
582 2414 695 2455 illum
723 2415 861 2457 videre
888 2417 1066 2459 voluisse
1096 2424 1136 2460 et
1163 2419 1214 2460 ad
1240 2421 1464 2464 videndum
1490 2423 1606 2465 illum

75 2497 220 2525 ausum
248 2497 338 2525 esse
368 2485 410 2524 in
438 2485 648 2538 superiora
676 2485 973 2538 conscendere,
1002 2491 1043 2527 et
1069 2489 1262 2541 quoniam
1283 2489 1334 2530 ad
1354 2492 1604 2544 magnitudi-

75 2565 170 2592 nem
190 2553 318 2607 ipsius
340 2551 561 2593 videndam
583 2565 709 2606 capax
732 2566 813 2593 non
835 2553 930 2607 suit,
952 2555 994 2595 in
1017 2555 1245 2603 defectione
1267 2557 1392 2598 fuisse
1415 2563 1455 2599 et
1474 2573 1604 2614 paene

75 2619 319 2662 dissolutum
349 2633 460 2672 esse,
490 2621 569 2660 nisi
597 2618 689 2674 2qui
716 2622 866 2662 missus
895 2622 945 2663 ad
968 2623 1342 2666 constabiliendum
1370 2625 1506 2680 illum,
1534 2627 1603 2670 ille

76 2701 197 2742 quem
223 2687 402 2744 appellat,
430 2687 589 2741 Horon,
626 2688 907 2730 confirmasset
934 2690 1046 2731 illum
1073 2690 1204 2732 3dict0
1231 2692 1299 2734 Iao
1328 2696 1600 2748 pronuntiato.

163 2811 245 2858 Cap.
262 2811 323 2846 IX.
341 2832 384 2838 —
411 2813 438 2846 1.
466 2812 566 2855 Valgso
585 2811 768 2855 colligeret,
785 2816 924 2848 tentata.
962 2813 1071 2847 Utitur
1088 2815 1183 2847 νει-110
1199 2820 1365 2850 retentare
1378 2829 1442 2862 pro
1458 2819 1601 2852 retinere

75 2860 173 2891 etiam
189 2859 384 2892 Gennadius
400 2860 439 2891 dc
459 2859 613 2901 [Joymar.
637 2857 761 2892 Eecles.
780 2872 854 2903 cap.
871 2859 925 2892 31.
944 2864 960 2899 (
961 2860 1005 2891 (14
1004 2864 1031 2900 ).

163 2903 245 2948 Cap.
263 2903 324 2938 XI.
340 2924 384 2928 —
412 2904 438 2936 1.
456 2902 576 2937 Matth.
594 2903 639 2936 X.
658 2902 710 2937 24.
750 2903 830 2939 Luc.
849 2904 904 2939 VI.
920 2905 973 2938 40.
1014 2904 1083 2939 [oh.
1101 2905 1193 2941 XIII.
1216 2907 1264 2940 16.

163 2948 211 2982 Ca
239 2977 246 2984 .
259 2948 337 2983 XII.
353 2969 396 2974 —
424 2950 450 2982 1.
470 2949 526 2982 Ita
543 2949 632 2981 Patr.
653 2950 860 2984 t'iacconius.
899 2950 999 2983 Libri
1014 2951 1136 2983 habent
1148 2953 1357 2996 processisse
1374 2964 1489 2988 semen
1506 2955 1598 2990 Men-

75 2996 154 3028 tem.
234 3021 241 3028 .
259 2995 318 3028 Ita
330 2993 498 3028 Latinius.
538 2994 715 3027 Librorum.
732 3006 819 3039 pars
835 2996 914 3039 quia
929 2996 1065 3037 missus,
1105 3009 1164 3030 ars
1179 2999 1259 3043 quia
1275 2999 1433 3033 misisset.
1494 3001 1525 3034 3.
1546 3001 1599 3034 Ita

75 3042 236 3084 resorz'pei
252 3052 318 3084 pro
341 3041 427 3083 ταῖς.
445 3040 534 3075 dicto
556 3039 617 3073 hoe
643 3041 864 3084 pronunciato
889 3042 1045 3086 appellat.
1100 3046 1190 3077 stum
1215 3051 1287 3077 cett.
1321 3045 1519 3079 Vocabulum
1541 3046 1599 3080 Iao

1274 3100 1334 3133 18‘

1649 514 1714 547 Cap.
1734 515 1779 540 IX.

1643 1132 1708 1165 Cap.
1727 1133 1758 1158 X.

1640 1475 1707 1507 Cap.
1726 1475 1771 1500 XI.

1638 1818 1702 1852 Cap.
1722 1819 1782 1844 xlx.
