2052 3342
403 221 483 263 253
1023 218 1325 246 prm-:nmmum

404 326 559 366 cientes
581 324 618 364 ei
641 323 815 364 crimina
835 336 918 364 non
939 322 1125 377 probata,
1157 327 1198 363 et
1216 325 1394 365 maxime
1417 323 1524 377 quod
1546 337 1571 366 a
1590 323 1857 366 traditoribus
1879 322 1941 366 di-

402 396 590 434 vinarum
613 391 910 446 scripturarum
931 391 1053 432 suerit
1074 390 1299 433 ordinatus.
1349 391 1405 433 At
1431 391 1502 433 ubi
1530 391 1627 434 hinc
1657 393 1826 434 mentiri
1846 405 1944 434 con-

402 463 500 502 victi
522 465 632 513 sunt,
654 459 833 502 schisma
855 461 897 501 in
918 459 1124 501 haeresim
1146 463 1450 501 converterunt.
1503 460 1628 511 Quasi
1648 462 1774 502 etiam
1795 460 1830 502 si
1850 473 1946 502 vera

402 529 578 571 fuissent
600 530 773 570 crimina
795 530 835 569 in
855 528 1100 578 Caeciliano,
1130 533 1284 569 statum
1306 542 1426 569 suum
1449 528 1498 570 de
1519 532 1604 570 toto
1626 529 1722 571 orbe
1743 534 1946 570 terrarum

403 598 576 640 ecclesia
589 599 775 638 amittere
790 598 992 652 potuisset
1003 602 1169 651 propter
1187 598 1308 638 unius
1320 596 1499 638 hominis
1512 597 1689 652 culpam,
1708 611 1780 639 seu
1794 611 1946 650 veram,

403 681 472 708 seu
488 666 594 720 quod
607 668 737 719 inagis
757 667 947 720 apparuit
966 664 1186 718 iudicibus,
1206 664 1367 718 salsam,
1386 669 1426 706 et
1444 667 1487 706 in
1498 670 1613 720 parte
1626 666 1824 708 Africana
1835 665 1946 707 solus

402 736 585 776 Donatus
597 734 777 790 potuerit
792 738 945 775 statum
958 733 1156 774 ecclesiae
1170 747 1426 787 conservare,
1439 733 1488 774 de
1502 737 1586 776 toto
1598 738 1736 776 autem
1749 734 1846 776 orbe
1862 738 1946 776 ter-

402 818 538 845 rarum
560 806 610 845 sit
635 803 792 844 deletus
815 807 1050 843 sanctorum
1072 802 1349 857 apostolorum
1371 801 1485 843 labor
1502 806 1543 843 et
1558 804 1693 857 passio
1710 806 1945 858 martyrum.

405 874 530 913 imino
554 874 641 928 ipse
664 871 880 913 salvatoris
902 872 1033 912 nostri
1055 884 1173 912 cruor
1195 871 1246 911 ad
1269 870 1601 913 conservandum
1622 875 1784 913 coe-tum
1806 870 1946 913 catho-

405 942 503 981 licae
523 941 617 982 fidei
635 940 797 991 defecit,
820 954 942 994 quem
964 939 1074 980 solus
1092 939 1277 980 Donatus
1300 953 1393 980 cum
1414 939 1635 993 aliquantis
1657 939 1947 981 ¹asellionibus

402 1010 628 1064 Byzacenis
651 1009 840 1050 obtinuit.
891 1007 941 1049 Et
961 1008 1052 1049 ideo
1083 1009 1171 1048 ausi
1200 1013 1298 1049 sunt
1327 1008 1582 1062 rebaptizare
1614 1006 1851 1050 catholicos.
1900 1008 1948 1049 In

403 1093 480 1133 quo
504 1092 623 1133 opere
647 1082 687 1118 et
709 1080 1039 1132 praesumptores
1069 1090 1111 1116 se
1142 1081 1182 1117 et
1211 1076 1469 1117 damnabiles
1492 1076 1826 1132 comprobarunt,
1855 1090 1949 1118 cum

403 1147 600 1189 ecelesiae
624 1145 847 1187 universali
878 1146 1011 1185 sciant
1032 1144 1236 1199 placuisse
1267 1159 1340 1186 nec
1362 1145 1405 1185 in
1427 1146 1528 1200 ipsis
1549 1145 1768 1186 haereticis
1789 1144 1947 1200 baptis-

402 1218 524 1257 matis
544 1215 697 1256 violare
722 1215 928 1254 virtutem.
979 1213 1111 1253 Huius
1140 1212 1323 1254 haeresis
1353 1215 1583 1268 principem
1611 1213 1784 1268 legimus
1809 1213 1947 1255 Dona-

403 1289 503 1333 tum,
527 1285 597 1337 qui
619 1283 667 1324 de
690 1282 885 1324 Numidia
906 1283 1078 1322 veniens
1107 1281 1409 1334 Carthaginem,
1437 1285 1478 1322 et
1500 1286 1642 1323 eontra
1670 1281 1949 1324 Caecilianum

403 1353 553 1393 Flu-isti
576 1351 765 1392 dividens
789 1350 965 1405 plebem,
995 1349 1223 1403 adiungens
1253 1349 1331 1390 sibi
1361 1350 1545 1391 eiusdem
1574 1351 1765 1392 factionis
1788 1352 1948 1405 episco-

404 1437 489 1477 pos,
517 1420 784 1462 ffMaiorinum
808 1420 973 1459 nomine
997 1418 1037 1458 iu
1060 1432 1133 1459 sua
1154 1422 1269 1472 parte
1298 1418 1407 1473 apud
1429 1418 1720 1472 Carthaginem
1742 1418 1950 1460 ordinavit

404 1490 655 1545 episcopum.
708 1488 780 1529 Cui
811 1488 1009 1528 Maiorino
1032 1487 1218 1528 Donatus
1240 1486 1344 1527 alius
1372 1487 1416 1527 in
1445 1487 1591 1528 eadem
1619 1487 1821 1529 divisione
1855 1501 1948 1529 suc·

405 1560 543 1610 cessit,
572 1559 641 1611 qui
670 1557 904 1610 eloquentia
926 1570 999 1596 sua
1020 1557 1078 1596 sic
1108 1555 1367 1597 confirmavit
1386 1555 1493 1596 hanc
1515 1555 1735 1609 haeresim,
1764 1559 1811 1597 ut
1828 1555 1950 1597 multi

403 1629 642 1668 existiment
660 1626 708 1666 de
727 1627 815 1679 ipso
833 1626 968 1679 potius
985 1624 1223 1666 Donatistas
1240 1624 1405 1664 initium
1421 1623 1639 1666 haereseos
1656 1623 1948 1680 adsumpsisse.

403 1696 553 1737 Extant
576 1694 695 1736 hodie
719 1695 874 1748 scripta
896 1694 1004 1745 eius,
1032 1692 1102 1733 ubi
1124 1692 1344 1747 3probatur
1371 1692 1415 1733 in
1441 1692 1627 1734 trinitate
1656 1696 1800 1735 contra
1826 1693 1950 1734 fidem

406 1763 650 1805 catholicam
673 1763 919 1816 suscepisse.
970 1761 1020 1801 Et
1043 1762 1229 1814 quamvis
1250 1763 1372 1802 unius
1401 1760 1658 1802 substantiae
1680 1761 1791 1803 dieat
1809 1761 1853 1802 in
1874 1762 1947 1802 tri-

406 1835 533 1873 nitate
557 1832 680 1873 deum
701 1834 880 1885 patrem,
906 1834 1047 1870 tamen
1074 1829 1273 1871 maiorem
1294 1829 1398 1882 filio,
1426 1829 1558 1871 filium
1578 1830 1780 1872 maiorem
1800 1829 1949 1884 spiritu

406 1906 547 1942 saneto
575 1900 817 1942 confirmare
845 1899 1032 1939 tentarit.
1085 1897 1167 1939 Sed
1194 1898 1237 1939 in
1264 1897 1373 1939 hunc
1403 1911 1582 1939 errorem
1607 1898 1700 1940 ideo
1731 1897 1870 1940 nullus
1901 1897 1949 1939 de

406 1969 555 2025 populo
578 1970 664 2009 eius
686 1966 888 2019 adtendit,
920 1968 1015 2020 quia
1035 1965 1115 2006 alia
1136 1970 1224 2007 erat
1248 1967 1424 2008 intentio
1447 1968 1555 2007 inter
1575 1970 1727 2021 partes.
1776 1966 1831 2008 Hi
1850 1966 1949 2008 hae-

406 2040 522 2079 retiei
542 2040 583 2078 in
606 2036 792 2091 partibus
813 2034 954 2075 Italiae
972 2035 1232 2076 4Montenses
1250 2034 1524 2090 appellantur,
1543 2036 1587 2076 in
1603 2036 1796 2076 interiore
1811 2035 1951 2076 Africa

404 2106 683 2157 Parmeniani,
704 2106 747 2144 in
769 2103 1100 2156 Carthaginiensi
1119 2103 1374 2145 Donatistae.
1424 2104 1472 2144 In
1497 2104 1711 2158 utriusque
1731 2099 1948 2144 Numidiae
1980 2121 1983 2125 ·

404 2174 590 2230 partibus
612 2173 768 2214 habent
795 2172 923 2213 veluti
944 2171 1188 2225 monachos,
1217 2185 1318 2226 quos
1349 2171 1712 2213 Circumcelliones
1740 2175 1949 2224 vocamus,

404 2247 585 2297 agrestes
608 2246 649 2282 et
665 2240 962 2281 audacissimos
982 2239 1229 2281 daemonum
1244 2239 1434 2293 famulos,
1455 2239 1524 2294 qui
1541 2254 1624 2281 non
1640 2240 1774 2281 solum
1789 2241 1833 2280 in
1848 2239 1948 2281 alios

403 2313 553 2353 aeriter
573 2310 775 2362 saeviunt,
796 2322 940 2349 verum
963 2309 1086 2349 etiam
1103 2308 1300 2363 sibiipsis
1317 2307 1460 2349 miseri
1477 2309 1644 2350 omnino
1661 2322 1745 2350 non
1759 2310 1945 2363 parcunt.

404 2380 508 2422 Nam
553 2393 626 2434 per
669 2381 823 2419 mortes
862 2378 1017 2429 varias,
1058 2378 1320 2430 maximeque
1366 2377 1703 2431 praecipitiorum
1742 2380 1784 2417 et
1821 2389 1946 2430 aqua-

404 2462 495 2490 rum
525 2452 565 2489 et
591 2446 762 2500 ignium,
793 2458 882 2486 sese
904 2444 1135 2485 interficere
1158 2448 1422 2497 consuerunt,
1451 2444 1564 2485 etad
1591 2443 1701 2486 hunc
1722 2444 1879 2486 exitum
1899 2458 1948 2486 ex

403 2522 575 2571 utroque
605 2529 705 2556 sexu
742 2517 916 2568 quantos
944 2514 1153 2567 potuerint
1174 2512 1389 2554 seducunt.
1438 2512 1673 2567 Aliquando
1694 2513 1820 2554 etiam
1847 2526 1947 2566 quos

403 2584 641 2627 invenerint
673 2586 836 2636 rogant,
877 2585 923 2623 ut
957 2580 1008 2621 ab
1045 2582 1104 2621 eis
1141 2581 1402 2634 occidantur,
1442 2584 1620 2622 mortem
1654 2582 1736 2622 nisi
1775 2581 1949 2622 fecerint

406 2653 720 2696 comminantes.
772 2649 888 2701 Quod
921 2663 1063 2690 verum
1099 2653 1180 2702 est,
1212 2649 1354 2691 multis
1381 2649 1694 2690 Donatistarum
1728 2648 1949 2703 displicent

404 2722 522 2775 tales,
544 2721 618 2762 sed
637 2720 714 2762 hoe
735 2719 876 2771 verbo,
904 2731 987 2759 non
1009 2731 1143 2773 opere.
1194 2718 1300 2759 Nam
1321 2717 1355 2759 si
1376 2731 1471 2759 vere
1494 2717 1776 2772 displicerent,
1804 2718 1946 2770 utique

405 2790 558 2832 talibus
587 2803 673 2831 non
701 2788 1073 2839 communicarent,
1101 2787 1171 2840 qui
1196 2800 1270 2841 per
1298 2789 1425 2828 totum
1457 2785 1598 2828 orbem
1619 2784 1804 2826 eeclesiis
1825 2786 1946 2825 unius

406 2858 630 2900 Caeciliani
651 2858 806 2897 crimen
827 2857 1074 2909 impingunt.
1124 2854 1230 2896 Nam
1250 2860 1292 2895 et
1310 2854 1420 2895 inter
1441 2868 1484 2895 se
1505 2854 1742 2907 frequenter
1765 2852 1945 2894 habuere

473 2936 556 2981 Cap.
572 2934 697 2969 LXIX.
715 2954 758 2959 -—
804 2934 832 2967 1.
855 2934 952 2972 Quod
968 2933 1141 2977 Byzaeem'
1162 2939 1305 2966 ararent
1326 2935 1433 2966 asino.
1471 2932 1576 2964 Testis
1591 2930 1723 2963 Plinius
1745 2930 1801 2964 lib.
1819 2929 1946 2970 XVII,

408 2995 482 3027 cap.
500 2982 532 3015 5.
558 2979 744 3026 (Galland.)
813 2978 846 3012 ⁵2.
862 2979 1072 3013 Maiurinum
1088 2977 1159 3012 MS.
1178 2979 1266 3022 Any.
1285 2979 1343 3012 Ita
1359 2980 1454 3022 infra
1472 2987 1603 3021 quoque.
1672 2974 1704 3008 3.
1719 2975 1883 3019 probatur
1895 2975 1946 3009 in-

406 3028 605 3071 tegritatem
623 3027 677 3067 (id
693 3026 900 3069 estsortasse
917 3024 1162 3064 defensionem,
1179 3026 1289 3068 inquit
1305 3024 1524 3062 Gallandz'us)
1542 3021 1614 3055 eius
1631 3023 1751 3055 contra
1766 3020 1838 3055 MS.
1855 3021 1943 3064 Any.

406 3073 437 3106 4.
456 3073 630 3108 Monteses
648 3072 722 3104 edd.
738 3070 837 3104 Sir-m.
859 3070 962 3110 Gall„
980 3070 1257 3104 consentientibus
1271 3074 1345 3103 vett.
1363 3069 1469 3101 libris.
1497 3066 1548 3109 Cf.
1565 3078 1672 3111 supra
1686 3077 1763 3110 cap.
1780 3065 1833 3099 44.
