2052 3374
728 212 778 237 DE
798 211 1040 238 HAERESIBUS.
1580 213 1660 254 309

106 319 446 374 superstitionem
473 331 564 359 esse
595 317 779 360 dicentes
812 319 902 358 iura
938 318 1131 359 temerari
1168 316 1329 370 divina,
1356 315 1467 371 ²⁰qui
1494 319 1661 358 noctem

106 386 158 429 ad
179 387 366 442 requiem
386 386 544 428 tribuit.

191 455 257 497 64.
288 454 501 509 Pelagiani
523 469 546 496 a
566 454 730 509 Pelagio
753 454 956 497 monacho
980 456 1123 496 exorti.
1170 454 1223 496 Hi
1243 453 1422 495 liberum
1442 453 1660 496 arbitrium

106 524 272 566 divinae
292 526 448 578 gratiae
470 527 749 579 anteponunt,
780 524 964 566 dieentes
997 524 1187 566 sufficere
1219 523 1478 565 voluntatem
1506 524 1558 565 ad
1580 525 1659 566 im-

104 592 259 649 plenda
276 593 393 634 iussa
413 592 565 634 divina.

189 660 255 702 65.
286 661 523 703 Nestoriani
544 675 568 702 a
588 661 778 703 Nestorio
801 660 1257 716 Constantinopolitano
1280 662 1474 716 episcopo
1497 675 1657 703 nuncu—

105 731 212 786 pati,
239 731 310 785 qui
338 730 504 771 beatam
529 732 734 784 virginem
754 730 929 771 Mariam
950 743 1034 771 non
1051 729 1138 782 dei,
1167 729 1241 770 sed
1269 729 1450 771 hominis
1471 734 1657 772 tantum-

103 798 224 840 modo
247 801 424 840 asseruit
444 801 708 853 genitricem,
729 802 776 839 ut
796 798 920 839 aliam
940 812 1162 853 personam
1184 799 1339 851 carnis,
1360 798 1483 840 aliam
1505 800 1660 840 faceret

105 866 294 909 deitatis:
323 881 399 909 nec
428 882 558 909 unuin
580 867 790 909 Christum
819 867 864 908 in
891 867 1018 908 verbo
1048 867 1115 908 dei
1144 871 1185 908 et
1213 880 1335 907 carne
1358 867 1555 920 credidit,
1584 869 1657 909 sed

104 937 330 991 separatim
360 940 483 992 atque
522 938 745 978 seiunctim
781 935 957 977 alterum
989 935 1119 976 filium
1151 935 1238 988 dei,
1270 935 1446 977 alterum
1475 935 1656 977 hominis

103 999 372 1060 praedicavit.

188 1073 255 1114 66.
285 1073 531 1128 Eutychiani
561 1073 662 1115 dicti
696 1073 747 1114 ab
781 1073 966 1128 Eutyche
999 1072 1458 1128 Constantinopolitano
1491 1073 1655 1126 abbate,

103 1142 173 1195 qui
204 1141 415 1183 Christum
444 1146 539 1197 post
569 1142 794 1184 humanam
824 1143 1153 1197 assumptionem
1188 1143 1354 1195 negavit
1394 1143 1571 1182 existere
1605 1142 1654 1183 (le

104 1209 263 1251 duabus
285 1212 459 1264 naturis,
481 1211 554 1252 sed
576 1211 705 1252 solam
728 1212 770 1251 in
793 1225 838 1252 eo
863 1211 1047 1252 divinam
1069 1212 1245 1251 asseruit
1267 1224 1356 1251 esse
1379 1215 1582 1251 naturam.

187 1279 253 1319 67.
285 1279 488 1334 Accphali
510 1279 624 1333 dicti,
646 1279 687 1320 id
711 1284 772 1321 est
795 1281 883 1320 sine
907 1281 1053 1334 capite.
1106 1278 1252 1319 Nullus
1283 1280 1394 1319 enim
1423 1293 1565 1321 eorum
1589 1294 1651 1320 ro-

101 1347 259 1403 peritur
279 1352 435 1401 auctor,
457 1362 480 1388 a
502 1362 580 1403 quo
603 1350 734 1390 exorti
756 1352 864 1389 sunt.
896 1349 949 1389 Hi
970 1349 1096 1388 trium
1119 1347 1521 1389 Chalcedonensium
1539 1350 1651 1404 capi-

101 1415 282 1457 tulorum
301 1417 611 1472 impugnatores
634 1410 808 1458 duarum
828 1417 871 1458 in
894 1417 1054 1458 Christo
1077 1416 1404 1458 substantiarum
1418 1420 1650 1473 proprieta-

101 1487 187 1526 tem
207 1489 374 1539 negant,
396 1489 436 1527 et
455 1499 582 1527 unam
602 1488 645 1527 in
668 1488 755 1527 eius
775 1499 951 1541 persona
973 1489 1163 1526 naturam
1184 1486 1437 1540 praedicant.

189 1553 255 1594 68.
287 1553 566 1596 Theodosiani
587 1559 628 1595 et
650 1555 863 1596 Gaianitae
886 1553 1083 1609 appellati
1113 1569 1135 1595 a
1157 1554 1387 1596 Theodosio
1418 1559 1458 1596 et
1481 1556 1651 1609 Gaiano,

101 1624 173 1678 qni
191 1622 448 1678 temporibus
475 1623 697 1664 Iustiniani
725 1623 926 1677 principis
954 1624 997 1664 in
1018 1622 1270 1664 Alexandria
1298 1623 1438 1679 populi
1466 1627 1650 1679 perversi

102 1690 304 1733 electione
333 1706 414 1734 uno
444 1691 510 1733 die
540 1696 636 1733 sunt
665 1691 841 1733 ordinati
872 1693 1068 1747 episcopi.
1119 1692 1171 1733 Hi
1199 1706 1356 1734 errores
1383 1693 1582 1747 Eutychis
1611 1698 1650 1734 et

100 1759 288 1802 Dioscori
309 1764 531 1815 sequentes
554 1759 890 1801 Chalcedonense
914 1760 1135 1802 concilium
1156 1765 1379 1816 respuunt,
1410 1776 1460 1802 ex
1489 1762 1648 1803 duabus

101 1843 229 1870 unam
248 1830 292 1870 in
314 1828 475 1871 Christo
497 1833 687 1870 naturam
709 1833 919 1882 asserunt,
948 1843 1072 1884 quam
1094 1829 1371 1872 Theodosiani
1401 1836 1648 1887 corruptam,

102 1897 318 1939 Gaianitae
340 1899 623 1952 incorruptam
644 1898 915 1939 contendunt.

186 1966 252 2008 69.
283 1967 484 2020 Agnoitae
507 1970 548 2006 et
568 1966 601 2007 T
606 1965 795 2007 ritheitae
818 1981 842 2007 a
863 1965 1162 2009 Theodosianis
1185 1970 1317 2010 exorti
1338 1972 1455 2022 sunt,
1484 1982 1533 2009 ex
1556 1971 1646 2024 qui—

100 2034 177 2076 bus
192 2035 393 2089 Agnoitae
409 2034 460 2074 ab
478 2036 710 2088 ignorantia
728 2034 828 2076 dicti
845 2040 954 2089 sunt,
973 2038 1066 2090 quia
1084 2037 1358 2092 perversitati,
1381 2052 1404 2078 a
1421 2052 1499 2092 qua
1518 2041 1647 2080 exorti

99 2107 211 2156 sunt,
231 2102 274 2144 id
295 2102 510 2156 adiiciunt,
532 2103 641 2157 quod
664 2103 816 2144 Christi
839 2103 1033 2146 divinitas
1054 2107 1217 2159 ignoret
1238 2107 1394 2160 futura,
1423 2121 1527 2161 quae
1550 2112 1647 2148 sunt

99 2172 253 2226 scripta
274 2170 324 2212 de
347 2170 410 2212 die
434 2176 475 2212 et
495 2171 595 2213 hora
612 2173 852 2225 novissima,
874 2187 955 2214 non
974 2174 1237 2216 recordantes
1256 2175 1410 2216 Christi
1428 2190 1642 2231 personam

97 2241 140 2281 in
162 2238 326 2281 ²¹Esaia
347 2239 573 2281 dicentem:
596 2239 694 2281 Dies
717 2241 918 2282 iudiciiin
936 2242 1057 2284 corde
1074 2257 1178 2285 meo.
1212 2243 1441 2285 Trithcitae
1458 2259 1554 2286 vero
1573 2260 1643 2286 vo-

98 2310 179 2350 cati
201 2307 310 2363 quod
332 2309 439 2350 sicut
459 2312 542 2349 tres
564 2322 762 2363 personas
785 2311 827 2351 in
848 2312 1053 2364 trinitate,
1083 2313 1139 2353 ita
1163 2326 1324 2367 quoque
1347 2317 1431 2355 tres
1453 2318 1645 2354 astruunt

98 2377 197 2419 deos
218 2390 330 2430 esse,
354 2381 495 2419 contra
517 2376 619 2418 illud
642 2377 750 2432 quod
773 2380 974 2434 scriptum
996 2384 1076 2422 est:
1105 2379 1255 2423 ‘2²'Audi
1276 2381 1424 2435 Israel,
1453 2382 1644 2424 dominus

98 2445 199 2487 deus
221 2450 317 2487 tuus
339 2445 439 2487 deus
461 2459 568 2486 unus
592 2450 666 2486 est.

182 2514 247 2557 70.
279 2513 386 2556 Sunt
407 2518 447 2555 et
467 2513 571 2555 aliae
593 2513 784 2557 haereses
807 2517 896 2557 sine
918 2520 1081 2560 auctore
1105 2523 1146 2559 et
1167 2520 1257 2559 sine
1280 2519 1532 2561 nominibus.
1584 2520 1642 2561 Ex

97 2581 247 2637 quibus
268 2582 372 2624 aliae
394 2582 621 2624 triformem
642 2587 790 2638 putant
810 2598 899 2626 esse
922 2585 1058 2640 deum,
1080 2587 1183 2628 aliae
1207 2587 1358 2628 Christi
1382 2587 1641 2629 divinitatem

96 2650 337 2706 passibilem
359 2651 515 2704 dicunt,
537 2650 640 2692 aliae
662 2652 869 2694 nativitati
881 2654 1031 2695 Christi
1051 2655 1100 2696 de
1125 2659 1237 2710 patre
1260 2656 1423 2696 initium
1444 2659 1640 2711 temporis

98 2718 218 2772 dant,
239 2719 343 2761 aliae
365 2719 653 2762 liberationem
674 2720 888 2763 hominum
909 2722 1017 2777 apud
1042 2723 1194 2763 inferos
1218 2723 1369 2764 factam
1392 2724 1542 2765 Christi
1567 2725 1639 2765 de-

97 2789 357 2830 scensionem
378 2802 462 2830 non
485 2788 672 2839 credunt,
693 2788 798 2830 aliae
819 2792 1001 2832 animam
1025 2793 1247 2844 imaginem
1265 2791 1329 2832 dei
1348 2798 1513 2845 negant,
1535 2792 1638 2834 aliae

97 2857 256 2898 animas
269 2858 455 2898 converti
467 2859 510 2897 in
529 2856 749 2898 daemones
767 2862 808 2898 et
823 2860 866 2899 in
884 2872 1152 2913 quaecunque
1171 2860 1366 2901 animalia
1383 2862 1638 2914 existimant,

97 2922 200 2965 aliae
222 2923 272 2966 de
293 2925 438 2967 mundi
459 2929 568 2966 statu
592 2924 856 2979 dissentiunt,
877 2927 980 2968 aliae
1003 2928 1325 2970 innumerabiles
1347 2929 1522 2971 mundos
1548 2932 1636 2985 opi-

164 3023 218 3060 20.
239 3024 290 3069 Cf.
308 3037 393 3071 quae
410 3027 615 3060 adnotat-ero
634 3029 725 3070 infra
744 3028 792 3059 ad
807 3027 994 3061 Indieulum
1015 3027 1117 3061 Pauli
1134 3041 1161 3063 e.
1180 3029 1236 3063 42.
1286 3030 1337 3065 21.
1355 3030 1446 3065 Esai.
1466 3030 1586 3073 LXIII,
1604 3032 1635 3066 4.

99 3068 152 3105 22.
170 3069 352 3107 Deuteron.
373 3071 426 3113 VI,
443 3072 473 3106 4.
