2052 3342
315 199 396 241 384

383 298 593 339 Lactantius]
620 296 691 329 Lib.
707 295 777 329 VII.
797 306 871 340 cap.
886 293 1015 328 XXIV.
1034 299 1065 326 et
1084 292 1212 327 XXVI.
1230 292 1264 325 in
1282 291 1439 337 Epitome
1458 302 1530 337 cap.
1545 291 1577 327 S.

384 345 478 377 Sicut
498 342 610 386 Nepos
628 342 758 383 docuit]
783 340 896 385 Nepos
915 339 1047 373 iudaico
1073 339 1247 372 intellectu
1271 337 1310 370 de
1335 337 1460 370 futuris
1483 337 1768 382 promissionibus
1786 346 1863 369 sen-

315 391 432 429 tiebat,
450 399 574 431 easque
592 387 812 431 ‹·01·p‹*›raliter
830 385 1042 419 exhibendas
1060 385 1221 421 docebam
1239 389 1271 416 et
1289 383 1381 416 mille
1399 383 1498 416 annis
1515 383 1550 416 in
1563 382 1693 416 deliciis
1707 392 1864 434 corpora-

317 437 404 468 libus
423 436 455 466 in
475 433 535 466 lia(-
554 438 643 465 terra
661 437 797 465 sanctos
814 435 1016 473 regnaturos
1035 441 1108 463 esse
1127 441 1204 462 cuin
1223 427 1367 463 Christo.
1408 428 1576 461 Eusebius
1600 428 1720 462 eccles.
1743 426 1864 461 histor.

316 482 372 514 lil».
389 479 458 513 Vll.
478 490 552 523 cap.
570 477 680 511 XXII.
707 476 940 510 'I'heodoretus
953 476 1058 509 fabul.
1074 475 1200 509 haeret.
1220 475 1276 508 lib.
1290 474 1321 507 3.
1339 472 1550 518 Nicephorus
1564 472 1726 507 Callistus
1744 473 1863 506 eccles.

318 526 431 558 histor.
459 525 513 557 lib.
531 523 583 558 x'l.
623 524 852 568 Hieronymus
885 522 925 556 de
950 522 1030 555 viris
1060 520 1218 554 illustrib.
1244 521 1277 553 in
1301 519 1466 564 Dionysio
1491 519 1745 553 Alexandrinae
1771 518 1863 552 urbis

315 584 331 604 e
346 582 430 604 >isco
443 582 487 602 io.

335 583 346 616 l
383 582 463 660 Caii.
480 614 564 649 LVI.
586 635 626 638 —
650 613 791 647 Nullum
809 613 978 646 eredimus
996 613 1038 646 ad
1055 613 1201 645 salntem
1227 611 1293 644 nisi
1310 610 1372 644 deo
1390 610 1556 644 invitante
1573 610 1703 653 venire]
1739 609 1866 643 Contra.

316 662 530 703 Pelagianos,
549 661 605 704 qui
623 660 792 692 docebant
808 660 1012 703 principium
1031 659 1111 691 boni
1130 657 1240 702 operis
1258 668 1332 690 esse
1350 656 1384 689 in
1398 656 1509 697 uobis,
1527 655 1586 689 sed
1600 655 1866 689 consummatio-

316 719 393 740 nem
419 719 459 739 ex
487 707 560 740 deo.
592 706 774 747 Augustin.
801 705 841 737 ad
866 705 1013 738 vitalem
1037 704 1135 749 epist.
1152 702 1250 736 CVII.
1275 702 1316 735 ad
1342 702 1481 735 Sixtuni
1504 701 1656 746 presbyt.
1682 712 1699 734 e
1726 701 1781 735 ist.
1797 699 1865 733 CV.

315 759 432 785 contra
450 752 534 785 duas
552 752 649 796 epist.
666 751 841 794 l‘elagian.
858 751 914 784 lib.
933 750 973 783 II.
991 761 1063 794 cap.
1082 750 1117 782 V.
1133 749 1172 781 de
1187 749 1315 793 Spiritu
1333 753 1364 780 et
1384 747 1511 781 Littera
1524 758 1598 791 cap.
1612 746 1681 780 XX
1720 745 1775 780 IV.
1794 745 1866 779 Ori-

315 809 420 840 genes·
441 798 510 842 περὶ
528 795 639 843 &cystim
659 797 714 829 lib.
729 796 759 830 3.
779 808 852 840 cap.
872 797 898 829 1.
925 797 1031 829 Autor
1049 795 1255 839 hypognost.
1275 793 1364 838 apud
1384 793 1567 836 Augustin.
1593 796 1675 826 tom.
1689 791 1761 826 VII.
1786 791 1866 824 arti-

317 845 381 877 cul.
397 845 426 876 3.
445 843 502 876 fol.
518 831 594 877 21:32.
636 842 839 884 Fulgentius
863 842 1013 886 episcop.
1039 840 1224 885 Rus-pensis
1251 839 1293 872 ad
1320 839 1455 872 Gallam
1480 837 1633 873 e›ist.11.
1659 836 1701 870 ad
1718 836 1866 871 Probam

317 890 414 934 epist.
429 889 482 921 IV.
502 888 542 921 de
561 888 802 932 praedestinat.
828 887 869 920 ad
888 888 1080 920 Monimuni
1107 886 1162 919 lib.
1182 886 1207 918 l.
1231 884 1426 918 Bernardus
1450 850 1567 917 Ablbas
1586 882 1867 917 Claraevallensis

319 935 463 979 epistola
481 933 666 967 ccxxiv.
691 933 730 966 de
754 933 854 966 inodo
881 934 964 966 bene
988 932 1123 965 vivendi
1147 942 1248 965 serni.
1264 931 1294 963 3.
1335 929 1486 963 Thomas
1504 929 1544 962 de
1561 929 1697 974 Aquino
1714 928 1749 962 iu
1765 928 1866 972 epist.

316 981 413 1014 I'auli
431 980 471 1013 ad
492 979 612 1024 Eplies.
630 990 702 1024 cap.
721 979 741 1012 l.
761 979 904 1011 lectione
924 978 946 1011 1.
966 983 997 1010 et
1016 979 1048 1011 in
1068 977 1259 1017 Quodlibet.
1279 976 1301 1008 1.
1321 976 1453 1008 articul.
1469 974 1538 1008 Vll.

385 1026 524 1059 Nullum
543 1025 595 1058 ‹lei
613 1026 787 1057 voluntate
804 1025 912 1069 perire
926 1024 985 1056 sed
1000 1035 1057 1068 per
1072 1023 1239 1067 seipsum]
1262 1021 1431 1055 Eusebius
1445 1021 1479 1054 in
1493 1020 1630 1065 apolog.
1643 1030 1704 1065 pro
1719 1018 1868 1063 Origene

318 1072 406 1116 apud
426 1071 518 1113 Orig.
536 1077 618 1104 toni.
637 1071 658 1103 I.
677 1070 735 1104 fol.
749 1071 825 1103 4⁵52.
852 1070 1049 1102 llaltemlum
1074 1075 1122 1101 est
1141 1071 1172 1100 ιή
1199 1069 1440 1100 ι’(’(Ἰι’.εἰ”(ικ1ί(ἰ“κ
1456 1066 1759 1106 observationibus,
1784 1065 1872 1108 quod

319 1130 416 1162 neque
436 1114 601 1149 hmin'umn
618 1119 689 1160 ‹sui-s·
707 1130 727 1148 ιι
747 1118 805 1148 <leo
824 1119 855 1147 1'11
870 1117 1090 1159 pet-‹le'tinnwn
1111 1115 1256 1146 traditus·
1273 1120 1334 1152 ext,
1352 1114 1412 1145 sed
1428 1115 1646 1157 unusquisque
1657 1112 1869 1156 pereuntium

317 1177 378 1196 sua
399 1164 601 1206 'wyliyenliaet
613 1168 736 1206 peren!
752 1169 782 1194 et
799 1162 898 1205 culpa
909 1187 915 1199 ‚
941 1163 997 1204 ‘lm'
1013 1160 1138 1193 lmlwtm
1156 1160 1295 1191 arbitrii
1311 1159 1496 1191 libertatum
1514 1158 1636 1201 elt'qere
1653 1157 1740 1201 quod
1755 1156 1870 1190 bouum

319 1217 375 1247 est,
394 1216 423 1241 er
435 1211 554 1252 putuit,
569 1214 598 1239 ut
615 1208 734 1241 «lehun.
761 1206 927 1248 Origenes
945 1206 978 1239 in
997 1206 1094 1250 epist.
1112 1204 1208 1237 Pauli
1227 1204 1267 1237 ad
1286 1204 1430 1238 Roman.
1450 1203 1507 1236 lib.
1522 1202 1553 1237 2.
1573 1213 1646 1248 cap.
1660 1201 1700 1235 II.
1717 1201 1777 1236 fol.
1792 1200 1870 1235 309.

323 1256 569 1286 observandam
589 1260 645 1293 est,
663 1254 751 1296 qum!
767 1265 923 1296 nusquam
943 1254 1022 1284 (leus
1039 1253 1164 1283 dicitur
1182 1251 1323 1293 aliquem
1337 1251 1547 1294 perdidisse,
1571 1251 1631 1282 sed
1652 1249 1871 1292 unusquisque

320 1313 358 1332 ez
374 1313 407 1332 se
421 1303 554 1344 patimr
577 1299 637 1332 hoc
661 1300 747 1343 quud
763 1300 866 1342 perit.
900 1297 1088 1330 t'onciliuin
1106 1295 1356 1329 Arausicanum
1373 1294 1413 1327 II.
1439 1305 1512 1339 cap.
1527 1294 1640 1328 XXV.
1664 1293 1808 1338 Aliquos
1824 1293 1872 1325 ad

321 1347 438 1378 mulam
459 1347 574 1378 ‹lit-inu
589 1351 752 1388 pote-<tate
764 1345 1040 1388 praedestinatos
1057 1354 1135 1381 esse,
1155 1354 1217 1373 non
1233 1342 1336 1374 solum
1354 1353 1415 1373 non
1434 1341 1616 1380 credimus,
1641 1340 1702 1372 sed
1724 1341 1824 1372 etiam
1840 1339 1872 1370 Si

318 1399 403 1431 sunt,
421 1394 477 1435 qui
494 1397 617 1423 tantum
638 1391 756 1422 malum
777 1391 913 1421 credere
933 1389 1041 1427 velint,
1059 1401 1129 1420 eum
1149 1389 1236 1419 ωηιηί
1253 1388 1468 1420 detestatione
1493 1384 1674 1418 anathema
1698 1385 1769 1418 illi-3
1785 1385 1870 1418 dici-

320 1450 400 1471 mus.
428 1436 612 1479 Augustin.
632 1435 671 1468 de
689 1435 721 1470 3.
749 1435 890 1468 articulo
916 1434 983 1467 sibi
999 1434 1087 1467 falso
1105 1433 1266 1477 imposito
1284 1435 1366 1465 toni.
1381 1430 1454 1465 VII.
1470 1430 1530 1465 fol.
1544 1430 1621 1464 922.
1649 1430 1797 1463 Omnium
1815 1429 1855 1462 Ιιο

318 1486 438 1515 minum
458 1484 537 1515 deus
555 1487 688 1514 creator
705 1487 766 1521 est,
790 1482 850 1513 sed
872 1493 962 1513 nemo
988 1481 1060 1512 ideo
1084 1485 1218 1511 creatu-3
1235 1489 1282 1510 ext
1299 1485 1333 1511 ut
1342 1484 1480 1522 pereat,
1505 1478 1584 1520 quia
1609 1477 1682 1510 αίιά
1700 1486 1807 1509 cauea
1825 1479 1873 1508 eat

321 1530 499 1568 nascendi,
524 1528 595 1561 alia
614 1528 790 1573 pereundi.
837 1525 880 1558 Ut
903 1528 985 1558 enim
1011 1531 1198 1557 nas-cantur
1215 1523 1360 1556 homiues
1377 1530 1426 1556 est
1442 1524 1648 1566 beneficium,
1670 1528 1707 1555 ut
1718 1526 1871 1566 pereant,

314 1576 614 1618 pru‹ez-urt'catoris
631 1580 679 1606 est
695 1575 819 1605 vitium.
846 1571 896 1604 De
913 1575 1130 1616 peccatorum
1147 1569 1277 1602 meritis
1295 1572 1328 1601 et
1344 1568 1537 1602 remission.
1560 1571 1681 1601 contra
1695 1565 1872 1611 Pelagian.

318 1621 376 1653 lib.
391 1619 421 1652 ⁶2.
439 1630 477 1652 ca
492 1632 512 1652 ›.
527 1618 634 1652 XVII.
651 1618 687 1651 In
702 1617 888 1651 enchiridio
902 1617 945 1649 ad
957 1616 1117 1650 Laurent.
1131 1627 1204 1660 cap.
1220 1614 1303 1648 CIII.
1328 1614 1530 1648 Ambrosius
1547 1612 1589 1646 de
1602 1612 1698 1647 Isaac
1711 1616 1746 1646 et
1757 1611 1874 1646 anima

319 1677 347 1700 c.
364 1665 433 1699 VII.
459 1666 482 1697 C
512 1669 635 1708 rysost.
653 1664 692 1696 de
703 1663 956 1707 compunction.
975 1662 1085 1695 cordis
1103 1661 1161 1695 fol.
1177 1660 1253 1695 495.
1267 1660 1414 1693 Faustus
1432 1659 1473 1693 de
1490 1659 1596 1700 libero
1613 1658 1753 1692 arbitrio
1767 1657 1826 1692 lib.
1843 1657 1872 1690 1.

319 1722 392 1755 cap.
410 1710 507 1744 XIX.
526 1711 583 1743 lib.
599 1710 629 1743 2.
647 1721 720 1754 cap.
736 1709 758 1742 I.
777 1713 809 1741 et
826 1712 982 1753 sequent.
1022 1706 1224 1751 Fulgentius
1243 1706 1283 1739 de
1301 1705 1429 1751 duplici
1444 1704 1686 1750 praedestinat.
1703 1703 1746 1737 ad
1761 1703 1873 1737 Moni-

319 1768 414 1790 mum
433 1756 488 1789 lib.
508 1757 534 1789 l.
551 1756 608 1789 fol.
625 1755 694 1788 VII.
709 1754 795 1787 VIII.
811 1754 872 1787 XI.
897 1759 929 1787 et
946 1757 1101 1798 sequent.
1140 1752 1337 1796 Ilieronym.
1362 1751 1398 1784 in
1420 1749 1586 1784 Ezechiel.
1608 1750 1666 1784 lib.
1680 1748 1706 1784 I.
1729 1759 1802 1794 cap.
1815 1747 1872 1782 III.

320 1803 428 1835 Autor
444 1801 653 1846 hypognost.
672 1801 814 1833 articulo
828 1800 883 1833 VI.
900 1800 958 1833 fol.
973 1799 1048 1833 952).
1066 1803 1100 1831 et
1116 1801 1273 1842 sequent.
1297 1797 1533 1830 Damascenus
1547 1795 1588 1829 de
1600 1795 1668 1829 fide
1682 1793 1874 1829 orthodoxa

321 1849 378 1882 lib.
395 1847 434 1880 II.
453 1859 526 1892 cap.
539 1846 657 1880 XXX.
675 1846 732 1879 lib.
748 1846 803 1880 IV.
823 1856 898 1889 cap.
912 1845 993 1878 XX.
1011 1849 1043 1877 et
1061 1844 1174 1878 XXII.
1206 1842 1421 1877 Multimodis
1445 1842 1553 1887 igitur
1574 1840 1776 1875 detestanda
1792 1839 1872 1873 hae-

320 1894 416 1934 resis,
435 1904 520 1936 quae
538 1893 643 1937 impia
660 1892 810 1925 novitate
828 1891 1015 1936 praesumit
1031 1900 1201 1930 asserere,
1220 1890 1306 1933 quod
1322 1890 1401 1922 deus
1418 1890 1577 1921 maiorem
1587 1894 1724 1932 partem
1738 1888 1873 1931 yeneris

321 1940 459 1971 Ιιηηιαηί
475 1940 523 1971 ad
538 1938 599 1970 hoc
617 1943 716 1977 creet,
734 1943 769 1969 ut
785 1938 876 1969 illam
888 1938 1019 1981 perdat
1033 1939 1068 1968 in
1085 1943 1265 1968 aeteruum.

389 1984 472 2029 Cap.
490 1983 589 2017 LVII.
606 2003 649 2008 -—
671 1983 803 2017 Malum
825 1982 878 2015 vel
901 1982 1035 2016 malitia
1054 1993 1124 2014 non
1148 1984 1201 2014 est
1224 1991 1245 2014 a
1267 1980 1329 2013 deo
1348 1978 1472 2024 creata]
1498 1978 1658 2013 Ambros.
1676 1976 1872 2011 hexaemer.

323 2031 378 2063 lib.
402 2030 428 2064 l.
446 2040 519 2074 cap.
532 2029 620 2063 VIII.
639 2028 696 2062 fol.
715 2027 764 2063 12.
789 2028 930 2061 Malitia
947 2040 986 2060 ex
1003 2028 1095 2060 uobis
1112 2033 1197 2067 orta,
1216 2038 1278 2059 non
1296 2039 1318 2059 a
1336 2026 1395 2059 deo
1414 2030 1566 2059 creatore
1584 2025 1731 2065 condita,
1747 2035 1874 2057 morum

323 2078 457 2108 lez-itate
471 2081 670 2118 yeneratur,
697 2074 877 2109 nonullam
902 2079 1086 2106 creaturae
1108 2072 1233 2105 haben-s·
1251 2073 1551 2116 praeroqatt'vam,
1577 2082 1636 2103 nec
1660 2071 1874 2103 autoritatem

321 2122 528 2154 substantiae
544 2120 723 2159 naturalis,
740 2121 800 2152 sed
816 2120 1050 2152 nzzttabz'lc'tatis
1064 2120 1190 2158 vitium,
1208 2124 1239 2150 et
1254 2128 1401 2151 errorem
1411 2117 1656 2161 prolapsioni-9.
1696 2114 1776 2148 Non
1788 2116 1873 2148 enim

322 2170 393 2200 rita
411 2172 544 2199 mortem
560 2171 713 2209 yenerat,
733 2177 790 2197 uec
808 2165 864 2197 lux
881 2165 1045 2197 tenebras,
1070 2163 1155 2197 Vide
1172 2163 1342 2196 Iustinum
1358 2162 1548 2206 Martyrem
1588 2163 1698 2194 uaest.
1714 2158 1873 2195 LXXIII.

323 2212 366 2245 ad
384 2211 563 2245 orthodox.
579 2211 778 2254 Hieronym.
795 2210 959 2242 adversus
978 2221 1082 2244 error.
1100 2208 1266 2242 Iovinian.
1283 2208 1341 2241 lib.
1359 2208 1386 2241 1.
1401 2218 1474 2252 cap.
1487 2206 1570 2242 XVI
1589 2233 1596 2240 .
1613 2206 1639 2239 E
1665 2205 1780 2251 iphan.
1794 2216 1874 2239 con·

322 2263 376 2291 tra
393 2258 640 2296 Basilidianos,
653 2255 785 2289 haeres.
798 2255 927 2289 XXIV.
943 2254 1085 2299 Gregor.
1103 2254 1300 2298 Nyssenum
1313 2256 1411 2287 tract.
1425 2252 1456 2288 2.
1473 2253 1510 2286 in
1521 2252 1612 2287 Psal.
1658 2250 1712 2286 VI.
1735 2251 1776 2285 In
1789 2254 1874 2285 orat.

323 2302 489 2337 catechet.
506 2313 579 2354 cap.
593 2302 633 2335 V.
657 2301 774 2336 Faust.
799 2301 839 2334 de
862 2301 969 2334 libero
995 2301 1112 2334 arbitr.
1134 2300 1192 2333 lib.
1212 2300 1238 2334 l.
1256 2310 1329 2344 cap.
1346 2298 1371 2334 I.
1396 2299 1600 2332 Damascen.
1624 2300 1745 2331 contra
1759 2297 1874 2330 Mam·-

325 2350 446 2382 chaeos
463 2360 495 2393 p.
514 2348 589 2381 Tol.
614 2347 748 2382 Raban.
764 2347 925 2380 Maurum
943 2346 983 2379 de
1000 2357 1148 2380 sermon.
1167 2346 1364 2390 proprietat.
1381 2344 1440 2379 lib.
1458 2344 1515 2379 IV.
1535 2355 1609 2389 cap.
1622 2343 1669 2378 X.
1686 2342 1873 2388 Augustin.

324 2398 443 2428 contra
459 2394 580 2427 Iulian.
596 2393 774 2437 Pelagian.
792 2393 851 2425 lib.
869 2391 893 2425 I.
911 2402 985 2436 cap.
998 2391 1054 2424 III.
1072 2392 1107 2424 in
1124 2391 1317 2435 quaestion.
1335 2390 1378 2423 ad
1391 2389 1553 2424 Orosium
1565 2393 1650 2424 tom.
1666 2388 1722 2424 IV.
1741 2399 1768 2422 c.
1780 2387 1873 2422 XVI.

323 2440 463 2475 Petrum
479 2439 713 2473 Lombardum
730 2441 876 2471 sentent.
893 2438 951 2471 lib.
964 2437 1020 2471 IV.
1038 2447 1112 2481 cap.
1126 2437 1276 2471 XXXV.

390 2486 557 2519 Diabolus
574 2485 685 2518 bonus
704 2495 724 2517 a
740 2484 803 2517 deo
822 2483 992 2525 conditus]
1019 2482 1145 2516 Contra
1160 2481 1455 2524 Priscillianistas‚
1480 2481 1632 2515 dicentes
1657 2481 1744 2525 quod
1759 2478 1873 2512 diaho-

325 2533 376 2564 lus
393 2533 677 2576 nunquamsuerit
692 2531 803 2570 ὁοηαε,
822 2541 880 2562 nee
899 2534 1023 2562 natura
1042 2531 1111 2560 eius
1128 2529 1295 2572 opificium
1314 2529 1369 2560 det
1383 2530 1443 2568 sit,
1461 2528 1522 2560 sed
1537 2539 1607 2560 eum
1625 2537 1664 2559 ex
1681 2525 1766 2558 elzao
1783 2529 1815 2557 et
1829 2530 1873 2557 te-

327 2578 436 2610 nebris
453 2579 639 2618 emersisse,
661 2577 794 2609 scilicet
814 2577 893 2619 quia
917 2575 1040 2607 millum
1064 2575 1116 2606 sui
1132 2573 1258 2606 habeat
1273 2580 1438 2614 autorem,
1455 2574 1515 2606 sed
1530 2574 1635 2606 omnis
1647 2571 1731 2604 mali
1744 2572 1815 2614 ipse
1831 2571 1876 2602 sit

320 2625 529 2667 principium
547 2628 645 2666 atque
660 2622 860 2655 substantia.
886 2620 955 2653 Leo
972 2619 1034 2653 ΡΡ.
1052 2619 1080 2652 l.
1097 2619 1195 2664 epist.
1212 2617 1302 2653 XCI.
1325 2618 1369 2651 ad
1391 2618 1560 2652 Turbium
1575 2616 1785 2651 Asturicens.
1803 2614 1874 2658 epi-

325 2680 416 2713 scop.
434 2673 516 2703 tom.
529 2667 554 2702 I.
572 2667 700 2701 Concil.
718 2677 791 2711 cap.
808 2666 858 2700 13.
875 2665 1074 2699 Ter-tullian.
1092 2665 1255 2697 adversus
1271 2664 1485 2697 Marcionem
1500 2663 1560 2698 lib.
1575 2663 1607 2698 2.
1626 2672 1698 2706 cap.
1711 2660 1757 2695 X.
1781 2659 1875 2692 Deus

327 2715 493 2747 diabolum
511 2716 677 2757 exsorma
693 2724 827 2757 opernm
844 2712 998 2745 bonorum
1015 2713 1160 2744 instz'tm't
1174 2711 1308 2743 bonum:
1335 2716 1366 2743 et
1380 2711 1511 2754 quidem
1526 2715 1616 2742 retro
1631 2705 1873 2749 invituperabi-

327 2761 368 2791 lis
386 2773 406 2792 α
425 2760 479 2792 die
496 2760 696 2792 conditionis
711 2770 802 2798 suae,
822 2771 843 2790 α
861 2759 920 2790 deo
936 2759 972 2789 in
988 2757 1103 2789 bonum
1121 2757 1282 2795 conditas,
1300 2762 1336 2788 ut
1351 2768 1372 2788 α
1390 2755 1470 2788 bono
1485 2755 1655 2787 conditore
1665 2753 1873 2794 invitupera-

328 2805 440 2836 bilium
457 2806 689 2844 conditionum,
706 2810 746 2836 *et
768 2804 915 2836 excultus
938 2805 1026 2835 omui
1046 2803 1160 2845 yloria
1187 2801 1362 2844 anyeliea,
1387 2806 1419 2833 et
1441 2800 1535 2844 apud
1557 2800 1651 2832 deum
1668 2798 1873 2836 constitutus,

328 2862 391 2893 qua
411 2850 510 2882 bonus
527 2851 621 2893 apud
636 2850 769 2888 bonum;
788 2855 910 2891 postea
932 2860 1009 2880 vero
1033 2861 1054 2879 a
1079 2849 1250 2890 semetipso
1275 2846 1461 2878 translatus·
1483 2847 1519 2877 in
1534 2844 1666 2876 malum.
1689 2840 1815 2886 Papias
1837 2841 1874 2874 in

328 2905 410 2927 voce
426 2895 565 2927 Malum.
597 2894 835 2927 Damascenus
860 2897 979 2926 contra
994 2891 1216 2926 Manichaeos
1239 2891 1297 2924 fol.
1311 2890 1387 2925 543.
1411 2890 1452 2923 de
1473 2889 1540 2923 fide
1558 2886 1737 2922 orthodox.
1753 2886 1814 2920 lib.
1829 2885 1871 2921 ΙΙ.

329 2950 401 2983 cap.
415 2940 470 2974 IV.
488 2944 521 2972 et
533 2939 678 2973 XXVII.
703 2938 849 2981 Cyrillus
863 2938 1030 2972 Alexa-nd.
1047 2938 1082 2970 in
1094 2936 1213 2970 Iohan.
1227 2937 1285 2971 lib.
1298 2936 1354 2970 VI.
1369 2946 1442 2980 cap.
1455 2934 1511 2969 VI.
1523 2933 1691 2976 Didymus
1704 2931 1872 2964 Alexand.

330 2984 365 3016 in
382 2986 479 3028 epist.
497 2985 532 3019 S.
549 2984 653 3017 Iudae
670 2994 742 3028 cap.
756 2982 781 3015 I.
803 2983 961 3017 Ambros.
984 2984 1020 3016 in
1042 2982 1172 3016 Lucam
1194 2982 1251 3016 lib.
1265 2981 1320 3015 IV.
1346 2991 1418 3026 cap.
1431 2979 1487 3014 IV.
1511 2979 1569 3013 lib.
1583 2976 1655 3012 VII.
1678 2987 1751 3022 cap.
1763 2976 1872 3012 XVII.

330 3028 422 3061 Elias
440 3029 610 3063 Cretensis
633 3030 669 3063 in
686 3031 770 3063 orat.
786 3027 946 3062 Nazianz.
963 3028 993 3062 3.
1016 3028 1075 3062 fol.
1089 3027 1164 3061 210.
1187 3026 1389 3061 Theodoret.
1414 3024 1555 3060 divinor.
1578 3022 1703 3057 decret.
1725 3022 1873 3068 epitome
