2052 3374
1627 169 1706 209 373

153 277 203 310 les
220 279 402 316 creaturas,
418 275 507 308 sicut
524 274 689 319 Origenes
702 274 820 319 fingit]
845 274 1011 319 Origenes
1031 273 1101 318 περὶ
1118 271 1229 318 ἀρχῶν
1246 273 1304 306 lib.
1319 272 1350 306 3.
1367 272 1426 306 fol.
1441 271 1518 305 461.
1536 271 1617 304 dicit
1635 274 1707 304 uni-

155 334 226 355 mas
238 322 425 355 rationales
437 327 613 365 antequam
628 323 661 354 in
680 333 819 365 corpore
837 326 1064 360 nascerentur,
1083 320 1215 363 aliquid
1227 321 1434 352 contraxisse
1452 319 1572 362 culpae
1589 320 1621 350 in
1636 329 1708 350 sen-

153 369 244 401 sibus
260 368 313 400 vel
327 367 466 400 motibus
482 369 561 407 suis,
574 379 640 411 pro
657 379 720 410 qua
740 380 761 399 a
776 369 890 410 prima
907 369 1020 399 statim
1040 367 1228 405 nativitate,
1255 367 1316 397 imo
1339 371 1371 397 et
1387 370 1463 397 unte
1487 366 1706 402 leutii-itatem,

147 426 215 459 per
231 415 381 446 divinam
391 413 642 457 providentiam
661 413 714 444 rel
729 412 806 445 boni
821 413 953 455 aliquid
975 412 1027 444 rel
1043 412 1126 444 mali
1136 413 1272 455 perpeti
1289 412 1531 454 dispensentur.
1573 409 1709 442 Similia

154 459 378 493 deliramenta
392 458 544 503 loquitur
559 457 656 491 Plato
674 458 709 491 in
724 456 916 498 Phaedone,
934 457 991 490 cui
1003 457 1108 490 etiam
1125 467 1226 501 super
1238 456 1365 489 talibus
1379 466 1571 495 assensum,
1588 454 1707 488 fidem-

154 516 218 550 que
239 504 500 539 accommodant
512 502 756 548 Pythagoraei,
770 502 943 536 Philolaus
955 530 962 544 ,
980 502 1148 536 Basilides
1166 506 1199 535 et
1214 502 1505 535 Priscillianistae.
1530 501 1615 534 Vide
1634 500 1707 534 Cle-

151 554 305 585 mentem
328 549 550 584 Alexandrin.
575 549 633 584 lib.
656 548 687 583 3.
736 548 897 583 Stromat.
925 552 957 582 et
978 548 1038 581 lib.
1062 547 1117 581 IV.
1141 547 1200 581 fol.
1225 547 1299 580 217.
1348 546 1603 580 Theodoretmn
1628 546 1708 589 Cyri

152 608 170 630 e
195 597 265 630 isco
293 623 300 630 .
321 596 358 630 in
381 596 529 641 epitome
554 595 696 629 divinor.
719 593 883 628 decretor.
908 593 967 627 fol.
993 593 1070 628 400.
1094 598 1215 626 contra
1241 592 1392 626 Graecos
1418 598 1502 627 orat.
1519 592 1559 626 V.
1576 592 1634 625 fol.
1654 592 1707 626 71.

151 608 334 687 blicepli‘or.
360 641 541 675 Callistum
565 641 753 674 ecclesiast.
780 639 899 673 histor.
924 640 982 673 lib.
999 640 1039 673 V.
1067 650 1094 672 c.
1111 638 1278 673 XXXIII.
1295 639 1352 672 lib.
1370 638 1495 673 XVIII.
1515 650 1542 671 c.
1561 638 1706 672 XXVII.

152 688 335 733 Augustin.
354 687 396 721 de
418 691 559 732 peccato
585 686 754 731 origenali
776 689 894 719 contra
909 685 1088 729 Pelagium
1104 685 1163 718 lib.
1182 684 1212 718 2.
1230 695 1304 729 cap.
1322 684 1456 718 XXXI.
1475 685 1515 717 de
1538 688 1706 728 peccator.

151 734 283 768 meritis
309 737 344 767 et
365 733 567 767 remissione
590 733 649 766 lib.
666 732 690 765 Ι.
709 743 782 776 cap.
799 731 913 765 XXII.
952 730 1133 764 Ruffinum
1154 731 1325 764 invectiva
1348 730 1372 763 I.
1396 731 1431 763 in
1455 730 1707 774 Hieronymum

150 780 210 814 fol.
230 779 282 813 16.
320 779 473 813 Leonem
487 778 551 813 ΡΡ.
576 778 601 812 I.
627 778 773 823 epistola
794 777 837 810 ad
861 777 1029 810 Turbium
1050 776 1242 810 Asturiens.
1268 777 1416 821 episcop.
1439 780 1523 810 tom.
1541 776 1566 810 I.
1586 777 1707 809 concil.

152 837 226 871 cap.
242 825 288 859 X.
328 825 502 859 Adnotata
525 824 567 858 ad
589 823 732 858 Arnobii
754 823 813 857 lib.
837 822 863 856 I.
886 823 945 857 fol.
974 822 1025 855 16.
1066 821 1214 866 Cyrillus
1238 822 1465 865 Hierosolym.
1490 822 1649 866 κατηγ-τζσ.
1678 822 1705 854 δ.

152 870 381 916 φωτιζομένων
398 869 429 904 ἐν
443 869 680 915 Ἱεροσυλύμοις
722 895 729 902 .
747 868 796 902 16.
824 866 971 901 Μάνθανε
989 866 1036 900 ὅτι
1054 867 1126 913 πρὶν
1146 867 1364 922 παραῖένηται
1384 867 1423 905 εἷς
1442 867 1534 900 τόνδε
1554 868 1610 899 τὀν
1629 868 1707 899 κόσ-

152 929 212 962 μον
229 915 249 960 ἥ
269 915 376 963 ψυχὴ,
397 915 488 950 οὐδὲν
501 915 654 961 ἥμαρτεν,
672 881 746 947 &fr
760 913 906 953 ἐλθόντες
923 912 1153 959 ἀναμάρτητοι,
1170 915 1224 946 νῦν
1241 926 1275 946 εκ
1293 913 1508 958 προαιρέσεως
1527 911 1708 958 ἁμαρτάνο-

153 975 219 1008 μεν.
258 963 362 996 Disce
385 963 472 1007 quod
486 964 687 1006 priusquam
711 963 746 993 in
769 960 830 993 hoc
853 962 973 994 mundo
999 961 1133 993 adesset
1147 961 1262 992 anima
1282 959 1367 991 nilzil
1380 962 1556 1003 peccarit.-
1579 960 1639 992 sed
1656 971 1706 991 re-

152 1012 277 1042 nz'entes
291 1011 363 1042 sine
372 1014 529 1053 peccato,
547 1019 632 1040 nunc
649 1019 688 1039 ex
706 1012 815 1040 nostro
833 1007 976 1039 arbitrio
987 1017 1183 1050 peccamus.
1211 1005 1328 1038 Concil
1340 1004 1550 1038 Bracarense
1569 1004 1592 1038 I.
1608 1015 1636 1037 c.
1649 1004 1705 1038 VI.

150 1054 190 1088 Si
205 1057 277 1099 quis
294 1057 427 1088 animas
443 1053 609 1086 humanas
625 1054 712 1086 (licit
726 1054 827 1097 prius
848 1055 884 1085 in
901 1053 1042 1085 caelesti
1056 1051 1265 1084 habitatione
1275 1063 1450 1095 peccasse,
1469 1056 1502 1083 et
1509 1063 1576 1095 pro
1594 1050 1654 1083 lzoc
1674 1053 1706 1082 in

153 1112 299 1146 corpora
316 1099 465 1133 humana
481 1102 517 1132 in
534 1105 658 1132 terram
677 1099 835 1138 deiectas,
849 1100 940 1130 sicut
954 1097 1197 1130 Priscillianus
1214 1098 1309 1137 dixit,
1329 1096 1509 1129 anatliema
1531 1099 1584 1130 sit.

218 1145 338 1191 Neque
362 1157 441 1180 cum
465 1145 665 1190 corporibus
689 1155 752 1189 per
773 1144 901 1177 coitum
924 1143 1155 1186 seminantur]
1189 1142 1298 1176 Autor
1323 1142 1362 1175 de
1386 1142 1509 1186 spiritu
1532 1146 1565 1175 et
1589 1142 1706 1175 anima

151 1203 180 1226 c.
197 1191 350 1226 XLVIII.
374 1191 522 1224 Animae
538 1203 603 1223 non
613 1202 680 1234 per
697 1192 816 1223 coitum
835 1201 905 1222 cum
924 1190 1120 1234 corporibus
1136 1191 1356 1228 seminantur,
1373 1191 1461 1220 sicut
1477 1188 1706 1231 Lucij'eriani,

152 1244 183 1271 et
199 1237 355 1282 Cyrillus‘,
373 1243 406 1270 et
420 1238 528 1282 aliqui
543 1236 743 1269 Latinorum
764 1241 1037 1280 praesumptores
1061 1236 1245 1279 affirmant.
1285 1234 1371 1268 Vide
1394 1234 1582 1267 Eusebium
1606 1233 1705 1266 Pam-

150 1283 234 1330 phil.
252 1283 412 1329 apologia
427 1294 488 1328 pro
507 1281 654 1326 Origene
666 1281 726 1315 fol.
744 1281 820 1316 491.
839 1281 931 1326 apud
949 1280 1135 1325 Origenem
1150 1284 1233 1315 tom.
1252 1280 1277 1313 Ι.

216 1329 438 1374 Luciferiani]
463 1328 680 1373 Augustinus
699 1327 738 1361 de
755 1326 953 1360 haeresibus
971 1338 1044 1371 cap.
1061 1326 1226 1360 LXXXI.
1251 1326 1470 1370 Lucifer-iani
1486 1338 1556 1358 cum
1576 1332 1709 1358 teneant

150 1378 187 1408 in
203 1375 350 1408 omnibus
364 1375 567 1408 catholicam
584 1376 769 1414 veritatem,
787 1376 822 1405 in
839 1373 899 1406 lzoc
918 1385 1033 1406 errore
1046 1373 1238 1405 stultissimo
1250 1373 1488 1416 prolabuntur,
1508 1377 1543 1403 ut
1558 1374 1706 1404 aruinam

152 1423 272 1456 dicant
293 1433 332 1454 ex
356 1423 582 1465 transfusione
596 1421 759 1464 yenerari
777 1420 977 1463 eandemque
995 1420 1112 1452 dicunt
1127 1424 1159 1451 et
1175 1420 1215 1451 (le
1233 1431 1347 1458 carne,
1367 1424 1396 1450 et
1414 1420 1530 1450 cornis
1547 1429 1616 1450 esse
1632 1418 1705 1450 sub-

150 1469 324 1502 stantiam.

218 1513 334 1558 Aliqui
347 1512 549 1546 Latinorum
565 1513 857 1557 praesumptores]
884 1510 1135 1544 Tertullianum
1153 1510 1323 1554 designat,
1342 1510 1400 1554 qui
1417 1509 1568 1542 animam
1582 1520 1625 1542 ex
1639 1512 1705 1542 tra-

152 1559 237 1593 duce
255 1570 329 1592 esse
347 1559 470 1592 asserit
492 1559 551 1591 lib.
570 1558 610 1590 de
628 1557 743 1590 anima
760 1567 834 1601 cap.
850 1556 912 1589 IX.
929 1556 1026 1590 XIX.
1044 1555 1159 1590 XXII.
1176 1555 1321 1588 XXVII.
1340 1555 1504 1588 XXXVI.
1544 1554 1705 1588 Ruffinus

150 1606 186 1638 in
203 1605 349 1650 epistola
364 1604 407 1638 ad
422 1603 646 1638 Anastasium
671 1602 761 1648 apud
783 1603 980 1646 Hieronym.
997 1606 1081 1636 tom.
1100 1601 1161 1635 IX.
1184 1601 1245 1635 fol.
1267 1600 1340 1634 158.
1357 1605 1440 1634 toni.
1458 1600 1498 1634 Il.
1519 1601 1654 1645 apolog.
1674 1600 1704 1635 ’2.

149 1651 209 1686 fol.
229 1650 304 1684 242.
323 1653 357 1684 et
370 1650 480 1684 Autor
497 1649 626 1694 dialogi
643 1651 683 1682 de
704 1651 820 1682 anima
845 1648 936 1693 apud
958 1648 1155 1692 Hieronym.
1174 1651 1258 1682 tom.
1274 1646 1334 1681 IX.
1353 1647 1411 1680 fol.
1427 1646 1501 1679 244.
1520 1647 1624 1679 etiam
1640 1646 1704 1679 La-

151 1697 321 1730 ctantium
335 1696 378 1730 iis
395 1696 633 1737 adnumerant,
657 1695 714 1739 qui
729 1694 856 1739 pariter
873 1705 951 1727 cum
968 1705 1111 1738 corpore
1133 1704 1193 1738 per
1209 1692 1353 1726 humani
1370 1693 1511 1725 seminis
1529 1693 1704 1726 traducem

151 1743 303 1776 animam
319 1741 466 1775 diffundi
480 1745 613 1787 putant.
653 1741 764 1775 Ambo
788 1740 998 1785 apertissimi
1019 1739 1205 1784 falsiloqui,
1229 1744 1268 1772 ut
1290 1742 1431 1783 apparet
1456 1750 1500 1771 ex
1523 1738 1703 1771 Lactantio

152 1789 192 1822 de
209 1788 346 1833 opificio
363 1787 417 1822 dei
433 1799 508 1833 cap.
524 1787 622 1821 XIX.

218 1834 372 1868 Dicimus
389 1834 597 1867 creationem
614 1832 748 1866 animae
766 1832 879 1865 solum
896 1834 1084 1865 creatorem
1100 1830 1216 1875 nosse]
1242 1830 1350 1864 Autor
1367 1830 1407 1863 de
1424 1831 1592 1863 incarnat.
1609 1830 1704 1863 verbi

151 1880 241 1925 apud
257 1879 441 1925 Augustin.
463 1883 546 1913 tom.
564 1879 595 1912 4.
613 1889 687 1923 cap.
704 1878 745 1911 II.
762 1878 821 1911 fol.
840 1877 915 1912 660.
964 1877 1016 1910 De
1041 1879 1157 1910 anima
1180 1889 1257 1910 vero
1283 1883 1388 1909 utrum
1413 1888 1452 1908 er
1475 1879 1610 1908 seminis
1633 1882 1703 1908 tra-

152 1927 236 1960 duce
253 1927 407 1966 ducatur,
423 1927 475 1958 ita
492 1931 527 1958 ut
540 1927 630 1957 ratio
646 1926 753 1968 ipsius
771 1925 822 1956 vel
832 1923 1021 1956 substantia
1035 1925 1162 1955 inserta
1177 1925 1259 1967 ipsis
1273 1923 1507 1967 corporalibus
1520 1922 1704 1954 habeatur.-

153 1984 198 2005 an
214 1983 292 2005 vero
309 1972 407 2005 aliud
422 1971 549 2004 habeat
562 1972 703 2010 initium,
722 1975 752 2002 et
763 1969 825 2002 lioc
838 1971 946 2013 ipsum
960 1971 1090 2001 initium
1106 1971 1140 2001 si
1155 1974 1203 2001 est
1212 1970 1369 2012 yenituln,
1388 1974 1520 2000 autnon
1537 1971 1681 2011 ycnitunz
1694 1982 1703 1999 :

152 2018 206 2050 vel
220 2023 308 2050 certe
329 2019 360 2050 si
383 2019 586 2050 extrinsecus
604 2017 740 2059 corpori
756 2016 892 2055 inditur,
918 2027 1029 2054 necne,
1053 2027 1116 2047 non
1139 2017 1226 2047 satis
1247 2016 1426 2057 manifesta
1438 2015 1703 2058 praedicatione

153 2065 380 2106 distinquitur.
426 2061 511 2096 Vide
534 2061 752 2095 Lactantium
775 2060 815 2094 de
838 2060 974 2105 opificio
999 2060 1053 2093 dei
1077 2071 1151 2105 cap.
1174 2059 1273 2093 XIX.
1321 2059 1495 2103 Chrysost.
1520 2060 1554 2092 in
1581 2061 1703 2093 rienes.

152 2119 225 2154 cap.
248 2108 290 2143 ΙΙ.
313 2107 432 2142 homil.
455 2107 550 2142 XIII.
590 2107 722 2140 Raban.
744 2106 906 2140 Maurum
932 2106 972 2139 de
997 2106 1114 2139 anima
1137 2116 1211 2151 cap.
1234 2105 1275 2139 II.
1320 2106 1485 2138 Autorem
1511 2105 1640 2147 dialogi
1665 2105 1704 2138 de

152 2154 269 2188 anima
285 2164 304 2187 a
330 2153 376 2187 ud
392 2154 588 2197 Hieronym.
607 2157 689 2186 tom.
703 2151 763 2185 IX.
777 2152 835 2186 fol.
851 2152 926 2185 ⁶244.
944 2155 977 2185 et
990 2163 1061 2197 seq.
1085 2151 1274 2185 Bonavent.
1293 2151 1350 2186 lib.
1366 2150 1395 2184 2.
1414 2151 1563 2186 distinct.
1579 2150 1703 2184 XVIII.

153 2203 286 2245 quaest.
305 2199 336 2233 ὀ.
353 2199 516 2232 adnotata
532 2198 574 2232 ad
591 2198 781 2231 Arnobium
797 2198 854 2233 lib.
873 2197 903 2231 2.
920 2197 978 2231 fol.
996 2197 1050 2233 49.

221 2244 303 2290 Cap.
320 2244 398 2279 XV.
415 2265 459 2269 —
481 2243 600 2288 Neque
617 2244 701 2277 duas
719 2254 794 2277 esse
811 2243 944 2277 animas
960 2244 995 2276 in
1008 2255 1077 2277 uno
1094 2243 1248 2287 homine]
1281 2243 1352 2277 Hoc
1371 2247 1475 2288 caput
1491 2242 1596 2276 hahes
1614 2243 1704 2287 apud

152 2294 309 2325 autorem
324 2290 383 2323 lib.
401 2289 441 2323 de
457 2290 581 2334 spiritu
597 2293 630 2323 et
646 2290 762 2322 anima
778 2300 806 2323 c.
822 2289 976 2323 XLVIII.
993 2294 1028 2323 et
1049 2289 1218 2323 Thomam
1240 2290 1448 2334 Aquinatem
1469 2293 1556 2334 part.
1574 2288 1598 2321 l.
1616 2300 1703 2321 sum.

153 2340 286 2382 quaest.
302 2335 460 2370 LXXVI.
477 2335 608 2370 articul.
626 2334 657 2370 3.

221 2382 317 2416 Sicut
331 2381 476 2415 Iacobus
494 2385 526 2414 et
543 2381 602 2414 alii
617 2380 798 2424 Syrorum]
821 2380 938 2415 Iacobi
954 2381 1033 2425 Syri
1048 2380 1305 2415 haeresiarchae
1322 2380 1479 2414 meminit
1491 2379 1703 2425 Nicephorus

154 2428 318 2462 Callistus
340 2427 528 2460 ecclesiast.
551 2425 630 2461 hist.
647 2426 705 2460 lib.
723 2426 848 2460 XVIII.
866 2438 937 2471 cap.
956 2426 1024 2461 LII.
1067 2427 1270 2461 Timotheus
1293 2427 1473 2472 presbyter
1491 2430 1571 2459 tom.
1592 2426 1629 2459 Y.
1657 2426 1703 2458 bi-

155 2472 273 2508 blioth.
290 2476 428 2518 patrum
444 2471 503 2506 fol.
522 2471 598 2507 931.
639 2472 873 2506 Damascenus
891 2472 932 2505 de
948 2471 1117 2507 haeresib.
1135 2473 1193 2506 fol.
1210 2472 1286 2507 584.

222 2519 303 2564 Cap.
319 2518 413 2552 XVI.
430 2539 473 2542 —
497 2517 621 2550 Anima
638 2529 706 2551 non
723 2529 801 2551 cum
819 2529 959 2562 corpore
976 2518 1118 2551 moritur
1136 2519 1223 2552 sicut
1238 2518 1362 2551 Aratus
1377 2517 1512 2560 asserit]
1540 2517 1646 2550 Autor
1664 2517 1703 2549 (le

155 2565 277 2611 Spiritu
294 2568 328 2598 et
344 2564 460 2597 anima
476 2574 550 2608 cap.
568 2563 720 2597 XLVIII.
759 2563 869 2596 Solum
886 2564 1046 2597 hominem
1065 2566 1230 2597 credimus
1247 2564 1370 2596 habere
1388 2565 1533 2595 unimam
1551 2563 1702 2594 substan-

156 2614 270 2652 tivam,
287 2622 372 2654 quae
389 2615 489 2643 exuta
505 2621 645 2652 corpore
662 2611 753 2649 viz-it,
772 2615 803 2642 et
817 2621 932 2641 sensus
947 2621 1022 2641 suos
1040 2616 1136 2654 atque
1152 2611 1290 2652 *in-uenia
1308 2610 1473 2641 riraciter
1492 2614 1585 2645 tenet,
1605 2620 1703 2650 neque

156 2668 229 2689 eum
245 2667 385 2700 corpore
402 2657 542 2688 moritur
559 2660 595 2686 ut
610 2655 726 2687 Arabs
743 2657 874 2687 asserit.
899 2653 976 2687 Non
993 2655 1083 2688 male
1100 2666 1160 2699 pro
1177 2654 1303 2687 Aratus
1322 2654 1438 2685 Arabs
1454 2653 1548 2697 legit.
1565 2653 1702 2686 Arabici

155 2702 247 2735 enim
264 2705 298 2735 et
320 2699 637 2745 Tknetospsychitae
655 2699 772 2732 dicunt
788 2699 940 2733 animam
958 2710 1036 2732 cum
1053 2710 1193 2744 corpore
1211 2700 1307 2732 mori.
1333 2699 1484 2731 Isidorus
1509 2699 1701 2742 llispalens.

156 2747 278 2780 oritrin.
295 2747 353 2782 lib.
370 2745 457 2780 VIII.
475 2757 549 2798 cap.
566 2745 607 2779 V.
646 2745 828 2789 Augustin.
855 2745 895 2778 de
918 2744 1117 2778 haeresibus
1142 2756 1214 2790 cap.
1233 2743 1426 2779 LXXXIII.
1466 2744 1701 2777 Damascenus

156 2793 196 2826 de
238 2792 412 2826 aeresibus
428 2791 488 2826 fol.
503 2790 579 2824 035.
620 2789 830 2835 Nicephorus
847 2789 1008 2824 Callistus
1026 2790 1082 2824 lib.
1101 2790 1141 2825 V.
1161 2801 1188 2825 c.
1205 2790 1334 2824 XXIII.

221 2838 392 2884 Epicurea.
405 2837 554 2880 vanitas]
580 2836 746 2881 Epicurus
764 2835 854 2881 apud
871 2835 1063 2881 Diogenem
1079 2835 1255 2870 Laertium
1270 2836 1327 2870 lib.
1346 2835 1390 2869 X.
1408 2847 1439 2880 p.
1459 2834 1534 2867 787.
1568 2834 1614 2867 Τὸ
1635 2847 1701 2879 φρι-

157 2882 362 2916 κωδέστατον
380 2879 434 2916 οὖν
452 2884 516 2916 τῶν
534 2883 643 2914 κακῶν
662 2879 678 2914 ὅ
697 2879 841 2925 θάνατος,
868 2880 959 2914 οὐδὲν
984 2881 1063 2926 πρὸς
1087 2880 1180 2926 ἡμᾶς,
1221 2880 1411 2925 Ἐπειδτζπες,
1430 2879 1506 2913 ὅταν
1533 2878 1588 2912 ιιὲν
1613 2879 1702 2924 ᾑμεῖς

158 2925 185 2961 ὦ
214 2940 256 2973 εν,
274 2926 291 2962 ὃ
310 2926 444 2967 θάνατος
462 2927 500 2961 οὐ
518 2927 679 2961 niceam.
717 2924 822 2959 ‘'Orw
849 2925 883 2960 δὲ
909 2925 925 2960 ὁ
944 2924 1077 2965 θάνατος
1096 2930 1193 2972 παρῇ,
1211 2927 1278 2960 τόθ’
1292 2926 1381 2971 ἦμεῗς
1397 2925 1455 2958 οὖν.
1473 2912 1576 2970 ἐσμὲν.
1619 2925 1703 2958 Οὔτε

157 2986 212 3007 ουν
230 2973 309 3019 πρῆς
326 2974 401 3012 τοὺς
418 2975 541 3013 ζῶντας
560 2961 655 3015 ἐστὶν,
673 2971 745 3004 οὔτε
760 2972 839 3017 πρὸς
857 2972 930 3010 τοὺς
948 2972 1225 3014 τετελευτηκότας.
1263 2971 1455 3016 'Exsul-67:3¹:
1474 2971 1544 3016 περὶ
1562 2971 1614 3009 οὓς
1634 2970 1700 3016 μὲν,

159 3019 217 3053 οὖν.
234 3016 327 3053 ἔστιν.
369 3019 408 3053 Οἱ
426 3018 455 3053 δ’
473 3018 578 3053 οὐκέτι
595 3016 681 3053 εἰσὶν.
726 3018 822 3057 Quod
845 3019 1092 3052 acerbissimum
1113 3020 1271 3051 mulorum
1297 3025 1343 3052 cst
1359 3024 1389 3051 ee
1412 3018 1610 3051 horrendum
1632 3030 1702 3051 ma-
