2052 3374
666 279 715 305 DE
735 281 966 311 HAERESIBUS
986 287 1106 315 LIBER.

1602 304 1652 345 51

197 370 298 413 Post
311 371 453 416 Deciia
467 383 603 422 autem
620 389 946 437 persecutionem
963 391 1040 433 suit
1056 394 1304 439 1Tatianus¹>
1324 402 1504 458 quidam,
1527 404 1652 449 disci-
1679 426 1746 461 Cap.
1767 429 1892 457 xrvnr.

112 437 235 491 pulus
256 445 390 485 sancti
411 443 580 490 2Iustini
600 457 813 509 martyris,
845 460 913 512 qui
934 464 1106 503 recessit
1126 479 1150 505 a
1170 469 1340 509 veritate
1370 476 1464 525 post
1490 477 1651 528 passio-

111 518 208 548 nem
226 509 358 564 ipsius
369 518 397 565 ⁰,
420 513 728 575 doctrinamque
750 523 878 566 3tanti
899 541 946 568 ac
966 532 1050 571 tam
1069 531 1178 574 beati
1197 540 1391 591 martyris
1409 545 1451 581 et
1464 545 1651 598 magistri

111 578 359 633 contempsit
379 582 423 622 in
445 586 656 642 omnibus,
687 590 828 634 dicens
849 594 1013 638 Aeonas
1046 601 1271 653 quosdamd
1301 605 1350 647 de
1380 609 1491 657 caelo
1520 612 1648 656 fuisse

108 643 312 701 prolatos,
343 649 501 694 addens
531 658 655 698 etiam
680 658 777 713 hoc,
805 662 940 705 Adam
961 671 1121 720 patrem
1141 676 1329 715 nostrum
1350 679 1649 734 protoplastum

106 724 189 753 non
210 714 360 758 salvari
370 724 396 758 e.
446 721 779 770 4Abstinentiam
800 735 937 774 autem
957 738 1154 779 nuntians
1182 741 1290 782 sicut
1309 743 1513 788 Marcionf

104 782 231 836 ravit,
257 787 327 838 qui
354 788 478 830 etiam
503 796 812 845 generationem
837 799 1078 845 hominum&

104 862 221 892 arum
239 850 470 907 legitimum
490 859 646 916 abiicit,
666 863 789 919 idque
809 868 910 910 iuris
932 884 956 911 a
977 870 1051 914 deo

1545 750 1647 792 dcli-

1099 814 1332 864 execratur,
1362 819 1403 854 et
1421 817 1485 857 ius
1506 822 1645 874 nupti-

1081 879 1282 920 statutum
1303 893 1386 923 non
1415 886 1644 931 confitetur.

185 918 270 962 Alii
298 927 437 966 autem
463 933 559 981 post
585 931 686 973 istos
715 943 1002 992 surrexerunt,
1032 941 1358 1002 Cataphiygesa,
1394 953 1439 993 in
1467 953 1646 1011 Phrygia

101 989 315 1041 provincia
333 991 584 1039 habitantes.
630 1000 705 1042 Isti
731 1004 954 1059 prophetas
983 1013 1025 1049 et
1043 1009 1175 1064 legem
1196 1017 1454 1074 accipiuntb‚
1483 1029 1644 1078 patrem

99 1058 141 1095 et
155 1055 289 1100 filium
304 1063 346 1101 et
360 1063 552 1117 spiritum
568 1069 816 1113 confitentur
825 1080 840 1097 ⁰

841 1105 853 1127 ,
871 1078 1006 1118 carnis
1021 1085 1366 1128 resurrectionem
1382 1096 1604 1145 expectant
1613 1095 1643 1150 d,

187 1128 490 1188 Cap3XLV1H3m
507 1138 614 1174 Babc.
631 1144 828 1196 inse-mptum
845 1153 893 1200 esf
906 1148 1081 1186 TA'rrAst
1099 1154 1284 1197 (TACIANVS
1302 1158 1369 1194 Βα.
1387 1173 1579 1201 rancusvs
1597 1169 1641 1214 b.)

97 1191 140 1198 —
158 1174 187 1208 1.
203 1176 375 1214 'ramanus
392 1182 532 1226 quidam
545 1185 611 1220 Ba.
629 1187 817 1225 Tarclanus
829 1193 968 1237 quidam
982 1197 1010 1230 b.
1028 1197 1199 1235 Tacianus
1216 1208 1332 1239 autem
1345 1207 1389 1241 A.

514 1230 521 1236 '
576 1259 583 1266 .
634 1233 666 1267 4.
691 1235 749 1268 Ita
772 1240 947 1273 emendavi
968 1254 1009 1274 ea:
1026 1243 1168 1280 Irenaeo
1194 1248 1223 1281 I.
1242 1248 1300 1284 28.
1328 1252 1358 1284 V
1356 1254 1430 1298 ulyo
1448 1260 1532 1291 enim
1550 1267 1642 1294 emta!

1430 1209 1460 1245 2.
1474 1211 1603 1247 Juliani
1613 1216 1640 1249 ὁ.

94 1265 256 1310 prolatos,
294 1270 432 1307 Addens
450 1294 462 1299 -
481 1294 493 1300 -
510 1276 645 1312 salvari.
685 1281 821 1316 Aeonas
839 1289 955 1320 autem
972 1306 986 1312 —
1004 1307 1015 1313 -
1033 1289 1197 1326 deliravit.
1235 1294 1299 1336 Qui
1317 1304 1389 1332 cett.

182 1312 263 1359 Cap.
279 1314 405 1352 XLIX.
429 1322 465 1353 in
489 1320 596 1357 Babc.
620 1327 817 1372 inscriptam
842 1337 890 1364 est
915 1332 1182 1373 CATAPHRYGES.
1200 1359 1243 1366 —

92 1384 186 1419 pora.
215 1377 332 1412 Verba
347 1384 464 1416 autem
481 1394 568 1429 quae
584 1385 664 1422 hinc
679 1389 715 1423 in
732 1390 830 1426 editis

92 1424 258 1466 tanquam
270 1435 381 1460 novus
394 1428 512 1463 titulus
521 1429 831 1476 praemittebantur

90 1467 257 1510 proximis
267 1471 445 1516 capitibus:
458 1474 506 1508 Ca
511 1478 640 1521 taloque
649 1480 830 1516 haereseon

90 1524 175 1555 quae
189 1515 248 1547 cub
265 1519 425 1560 apostolis
437 1524 624 1565 extiterunt,
640 1527 762 1561 merito
776 1533 828 1562 ut-

88 1561 168 1602 pote
185 1559 299 1594 aliena
314 1566 417 1608 atque
440 1564 504 1601 hoc
526 1568 601 1603 loco
624 1572 760 1615 penitus
778 1575 827 1608 in-

88 1607 168 1648 epta
182 1609 348 1650 expunxi.
395 1610 470 1652 (F.)

133 1649 215 1696 Cap.
231 1651 382 1689 XLVIII.
402 1675 443 1680 —
468 1668 498 1691 a.
522 1659 603 1694 Post
616 1661 726 1706 Decii]
744 1664 824 1699 Sive

86 1693 274 1739 Philastrii,
313 1700 385 1733 sive
414 1702 521 1747 (quod
542 1706 686 1741 libenter
710 1711 823 1755 credo)

85 1740 216 1776 librarii
244 1742 329 1778 haec
351 1751 402 1779 est
424 1747 662 1792 hallucinatio;
686 1760 823 1790 centum

85 1785 156 1820 fere
181 1789 281 1823 annis
303 1790 399 1825 Decii
422 1798 710 1841 persecutionem,
735 1813 821 1846 quae

84 1831 124 1864 A.
142 1832 178 1866 C.
196 1833 271 1868 250.
308 1835 519 1875 Christianos
539 1842 734 1888 affligebat,
757 1847 821 1881 Ta-

84 1877 170 1912 tiani
181 1877 332 1915 haeresis
346 1887 538 1920 antecessit.
562 1888 671 1932 Igitur
683 1902 742 1936 pro
753 1893 820 1926 De-

84 1925 131 1956 cii
140 1924 285 1960 Allatius
294 1928 337 1962 ad
344 1927 562 1966 Eustathium
570 1935 820 1973 Antiochenuni

81 1978 162 2014 pag.
179 1970 210 2004 7.
231 1971 264 2005 le
294 1973 318 2006 ‘t
344 1975 508 2011 Adriani.
542 1978 685 2026 Propius
718 1984 819 2018 fuerit

81 2014 185 2049 Aeta.
231 1983 306 2061 (lg.)

124 2060 158 2094 b.
181 2061 361 2110 Tatianus]
390 2067 552 2104 Tatianos
576 2072 618 2104 ab
637 2072 816 2109 Encratitis

80 2106 221 2142 minime
237 2108 396 2146 discernit
413 2112 563 2150 Isidorus
582 2116 700 2163 Origg.
718 2120 815 2163 vm„

78 2150 109 2184 5.
123 2151 205 2187 dum
217 2154 281 2189 ait:
302 2157 458 2198 „Tatiani
470 2170 491 2193 a
503 2161 647 2196 Tatiano
665 2166 814 2209 quodam

77 2199 206 2241 vocati,
219 2201 278 2245 qui
291 2206 325 2235 et
335 2202 530 2240 Encratitae
547 2207 626 2242 dicti
638 2214 717 2243 sunt
735 2213 812 2256 quia

77 2243 319 2281 abominantur
340 2251 490 2285 carnes.’‘
518 2252 729 2299 Epiphanius
753 2268 812 2292 au-

76 2292 146 2322 tem
167 2290 330 2327 Tatianos
353 2299 388 2328 et
409 2295 599 2333 Encratitas
623 2301 671 2334 ita
693 2302 810 2337 distin-

76 2334 160 2376 ⁰’uit‚
175 2340 215 2369 ut
225 2336 417 2375 Encratitas
427 2342 562 2378 Tatiani
574 2345 808 2383 schismaticos

75 2359 181 2422 dicat,
204 2389 364 2419 narrante
387 2387 580 2433 Augustino
605 2391 645 2425 de
669 2393 807 2428 Haeres.

74 2434 147 2470 cap.
164 2425 216 2461 25.
234 2428 285 2463 De
299 2429 482 2468 Encratitis
498 2434 699 2472 Philastrius
712 2450 739 2472 c.
754 2440 805 2474 72.

72 2469 258 2519 (Galeard.)

116 2527 145 2550 c.
168 2523 247 2563 post
261 2523 456 2566 passionem
471 2526 595 2571 ipsius]
625 2528 732 2566 ,Μετὰ
750 2530 804 2574 τὴν

72 2564 128 2595 τοῦ
158 2563 356 2600 διδασκάλου
378 2569 571 2605 τελείωσιν.”
605 2574 804 2610 Theodoret.

71 2606 128 2641 lib.
149 2608 177 2642 1.
194 2620 222 2643 c.
233 2610 286 2645 20.
297 2612 338 2647 de
353 2614 540 2652 Haereticis
553 2618 710 2654 Fabulis:
732 2621 803 2659 ..ὅτε

71 2650 105 2685 δὲ
121 2650 268 2689 ἐτελεύτα
284 2655 454 2701 Ἰουστῖνος
472 2660 489 2695 ὁ
508 2662 617 2708 ἵιγιος”
633 2671 694 2700 etc.
726 2667 802 2713 Epi-

69 2697 300 2742 phan.XLVI.
317 2704 346 2737 l.
365 2706 464 2759 ,μετὰ
479 2708 535 2753 τὴν
548 2708 665 2743 ἐκείνου
683 2725 802 2757 μαρτυ-

69 2742 169 2786 ρίαν.”
192 2745 352 2784 Irenaeus
369 2752 467 2787 lib.l.
485 2754 574 2789 c.3l.
599 2757 800 2801 Martyrium

69 2788 153 2823 obiit
180 2790 216 2825 S.
236 2792 388 2831 Iustinus
417 2799 456 2832 A.
480 2798 516 2833 G.
538 2800 608 2834 150.
637 2803 800 2839 Antonini

67 2831 119 2867 Pii
133 2835 342 2875 duodecimo.
389 2843 466 2886 (F.)

101 2879 132 2913 d.
147 2881 283 2919 Aeonas
297 2888 478 2933 quosdam]
498 2891 728 2931 „Prolationes
735 2899 795 2939 ja-

68 2923 200 2962 bulosas
229 2933 432 2967 seculorum’
462 2942 561 2971 vocat
582 2938 794 2983 Augustinus

65 2968 206 3008 Haeresi
219 2973 273 3010 25.
310 2977 350 3012 In
369 2970 436 3015 hac
456 2987 552 3026 parte
575 2995 651 3018 cuin
673 2986 794 3020 Valen-

65 3014 136 3050 tino
157 3020 307 3057 sensisse
329 3023 526 3070 Tatianum,
550 3033 705 3064 notatum
727 3031 793 3066 Ire-

65 3069 150 3096 naeo
166 3063 225 3098 lib.
244 3066 273 3100 l.
289 3078 317 3102 c.
329 3068 395 3111 31.,
412 3072 500 3107 unde
523 3075 566 3107 ab
583 3081 718 3110 auctore
735 3088 793 3123 ap-

64 3106 214 3149 pendicis
230 3111 273 3147 ad
285 3113 423 3151 Tertull.
441 3117 480 3154 de
492 3118 689 3167 Praescript.
703 3133 729 3157 c.
738 3123 791 3158 51.

902 1420 916 1434 ‚‚
930 1401 1012 1430 totus
1042 1403 1219 1436 secundum
1252 1404 1462 1444 Valentinum
1491 1416 1637 1459 sapere''

898 1441 1051 1477 traditur.
1100 1446 1175 1489 (F.)

944 1498 972 1520 e.
989 1489 1100 1524 Adam
1112 1504 1182 1527 non
1199 1496 1338 1543 salvari]
1356 1499 1406 1534 De
1421 1500 1487 1537 hac
1498 1504 1635 1541 Tatiani

899 1533 1058 1576 opinione
1080 1537 1156 1571 vide
1178 1539 1218 1573 Β.
1236 1541 1390 1588 lttigium
1415 1547 1456 1582 de
1477 1549 1633 1587 Haeresi-

897 1577 1006 1612 archis
1031 1592 1063 1626 p.
1081 1582 1155 1617 206.
1173 1597 1244 1631 seq.
1284 1589 1454 1627 Samuelis
1476 1595 1632 1632 Andreae

897 1623 975 1657 diss.
993 1626 1033 1659 de
1050 1627 1168 1663 Salute
1180 1632 1317 1668 Adami:
1336 1641 1369 1670 et
1378 1638 1492 1674 Vossii
1505 1642 1630 1678 Theses

894 1668 1120 1717 Theologicas
1139 1675 1218 1711 diss.
1238 1679 1268 1712 2.
1285 1680 1371 1716 thes.
1390 1683 1420 1717 2.
1436 1696 1469 1730 p.
1486 1686 1541 1721 50.
1565 1690 1629 1723 Ta-

893 1714 1024 1751 tianum
1048 1722 1185 1765 egregie
1209 1726 1399 1762 confutavit
1415 1730 1450 1764 S.
1469 1731 1628 1769 Irenaeus

891 1760 948 1793 lib.
965 1762 1022 1797 111.
1041 1776 1067 1798 c.
1086 1765 1140 1800 34.
1153 1767 1270 1804 3539.
1318 1774 1392 1816 (F.)

941 1806 965 1840 f.
989 1809 1078 1843 sicut
1092 1812 1259 1859 Marcion]
1285 1817 1357 1853 Imo
1374 1821 1463 1856 sicut
1478 1824 1627 1861 Valenti-

890 1862 966 1885 nus.
991 1854 1082 1889 Nihil
1100 1857 1140 1892 de
1156 1860 1332 1898 Aeonibus
1355 1877 1459 1912 supra
1475 1881 1502 1904 c.
1519 1872 1573 1906 45.
1591 1874 1626 1908 iu

888 1897 1061 1934 Marcione
1077 1902 1290 1942 Philastrius.
1338 1911 1413 1954 (F.)

933 1954 966 1988 g.
1004 1951 1261 1991 generationem
1286 1954 1479 2004 hominum]
1506 1962 1623 1998 Παιδο-

889 1987 992 2022 ποιῗαν
1006 2003 1084 2027 cum
1096 1998 1224 2041 nuptiis
1237 1999 1423 2038 detestatus
1432 2005 1622 2045 Encratitas

886 2037 982 2069 testis
1007 2037 1163 2076 Clemens
1186 2043 1286 2079 Alex,
1307 2048 1334 2081 l.
1352 2048 1477 2086 strom.
1493 2065 1527 2098 p.
1545 2056 1621 2090 223.

886 2079 1009 2116 Confer
1031 2096 1118 2129 quae
1148 2099 1191 2122 ex
1214 2090 1353 2128 Irenaeo
1377 2095 1547 2134 Eusebius
1564 2101 1619 2137 IV.

885 2125 938 2160 29.
954 2128 1039 2163 Hist.
1085 2132 1160 2175 (F.)

927 2172 1007 2219 Cap.
1020 2175 1145 2213 XLIX.
1155 2199 1198 2206 -
1214 2192 1244 2216 a.
1255 2182 1506 2234 Cataphryges]
1519 2192 1617 2227 Mon-

881 2219 1026 2254 tanistae
1046 2233 1066 2255 a
1084 2223 1233 2271 Phrygia
1249 2230 1343 2264 velut
1356 2235 1469 2278 patria
1486 2238 1617 2283 origiue

881 2261 909 2294 οἱ
926 2264 1007 2298 κατὰ
1024 2267 1158 2314 Φρύγας
1175 2273 1271 2316 dicti,
1293 2277 1397 2312 etiam
1414 2280 1558 2326 Φρύγες,
1583 2290 1614 2319 et

878 2307 1066 2355 Epiphanio
1078 2314 1613 2364 ‹bpuyaomzssNazianzenusOrat.

881 2353 930 2387 14.
954 2367 986 2401 p.
1011 2357 1085 2393 221.
1120 2361 1164 2405 »ἡ
1182 2363 1324 2410 Φρυγῶν
1349 2368 1389 2408 εἷς
1413 2369 1456 2404 ἔτι
1480 2374 1531 2406 καὶ
1559 2379 1612 2409 νῦν

877 2400 1004 2442 μανία.”
1050 2405 1126 2448 (F.)

921 2446 951 2479 b.
969 2451 1152 2494 prophetas
1161 2459 1195 2488 et
1205 2456 1319 2502 legem
1329 2462 1514 2508 accipiunt]
1532 2466 1610 2512 Epi-

874 2490 975 2535 phan.
991 2495 1142 2532 XLVIH.
1155 2500 1182 2533 1.
1210 2505 1335 2543 »πᾶσαν
1353 2508 1478 2552 γραφὴν
1496 2511 1608 2556 δέγον-

874 2547 934 2578 ται,
954 2539 1091 2574 παλαιὰν
1110 2544 1161 2577 καὶ
1179 2546 1248 2580 νέαν
1267 2549 1452 2594 διαθήκην.”
1499 2552 1574 2599 (F.)

917 2593 945 2616 c.
970 2591 1112 2630 patrem,
1130 2590 1239 2626 filium
1257 2600 1291 2627 et
1307 2597 1465 2641 spiritum
1477 2613 1504 2635 s.
1528 2614 1605 2637 con-

871 2627 1023 2679 fitentur]
1055 2633 1147 2669 Idem
1171 2637 1337 2684 Epiphan.
1372 2645 1461 2689 „napi
1485 2646 1519 2680 δὲ
1544 2661 1604 2681 πα-

872 2683 944 2717 τρος
961 2676 1011 2709 καὶ
1027 2677 1094 2712 υἱοῦ
1111 2681 1162 2714 καὶ
1179 2682 1270 2727 ἁγίου
1288 2688 1466 2734 πνεύματος
1483 2691 1603 2737 ὁμοίως

872 2724 1022 2762 φρονοῦσι
1035 2724 1158 2772 τῇὰγίᾳ
1171 2729 1325 2775 καθολικῆ
1339 2731 1524 2778 ἐκκλησία.”
1540 2739 1600 2773 Sa-

869 2764 912 2797 tis
929 2765 990 2801 hoc
1007 2774 1101 2813 patet
1117 2773 1220 2808 etiam
1237 2787 1280 2810 ex
1297 2770 1513 2824 Tertulliani,
1531 2785 1598 2818 iam

867 2808 1106 2858 Montanistae,
1129 2820 1276 2865 scriptis.
1300 2823 1409 2867 Igitur
1431 2829 1520 2871 quod
1537 2830 1597 2863 Sa—

867 2854 959 2890 bellii
974 2869 1120 2895 errorem
1136 2864 1355 2902 Montanistis
1377 2876 1507 2907 veteres
1525 2876 1596 2918 qui-

865 2899 942 2935 ‹lam
958 2903 1169 2951 impingunt,
1192 2922 1253 2945 nec
1270 2914 1433 2951 Montano
1451 2919 1515 2963 ipsi
1532 2931 1596 2954 nec

864 2947 1041 2984 universae
1058 2957 1170 2988 sectae
1185 2957 1418 3003 tribuendum,
1436 2965 1494 2996 sed
1512 2975 1593 3009 pau-

864 2991 910 3025 cis
935 2996 1139 3037 quibusdam
1163 3011 1206 3035 ex
1229 3003 1384 3040 Montani
1408 3009 1540 3051 schola,
1571 3022 1593 3045 a

862 3040 1032 3118 plagistrp'
1050 3042 1122 3088 ipso
1145 3044 1208 3081 hac
1231 3048 1264 3082 in
1289 3056 1384 3095 parte
1401 3053 1589 3090 dissidenti-

885 3093 934 3116 us.
982 3089 998 3126 (
1032 3091 1057 3128 .)

906 3128 936 3162 d.
961 3136 1241 3176 resurrectionem
1255 3145 1450 3187 expectant]
1468 3145 1586 3193 Epiph.

1295 3197 1340 3231 4.

1670 980 1736 1014 Cap.
1754 981 1850 1009 XLIX.
