2052 3374
689 204 739 229 DE
758 203 993 230 HAERESIBUS
1011 203 1133 229 LIBER.
1596 202 1674 244 157

131 307 233 349 1106ί
255 308 467 360 cognoscit
486 311 528 348 et
549 307 718 349 detinet.
768 307 880 350 Dicit
908 309 1020 349 enim
1045 309 1104 348 ita
1124 307 1310 362 ³Moyses
1329 305 1577 348 Iudaeorum
1600 320 1676 361 po·

131 376 227 432 pulo
245 376 428 430 primum
444 375 494 417 (16
511 377 756 418 neomeniag
777 382 819 417 et
834 376 1019 418 sabbatis
1029 377 1060 429 ¹¹„
1082 375 1263 418 secundo
1283 375 1331 417 de
1348 374 1534 430 paschai,
1554 376 1676 416 tertio

131 444 181 486 de
211 443 407 498 azymis&
428 449 572 498 quarto
601 444 651 486 de
679 445 940 499 manipulis¹,
969 446 1109 499 quinto
1133 445 1182 485 de
1204 444 1553 496 tubicinationem‚
1574 456 1677 497 quae

132 513 286 555 Graece
307 505 482 569 σάλπιγξ
503 512 674 565 dicitur⁷
701 526 804 567 quae
827 512 1039 554 celebrant
1059 511 1199 553 Iudaei
1221 526 1295 566 per
1316 527 1472 553 annum
1493 511 1676 554 solenni-

129 584 207 634 ter,
227 584 343 622 sexto
363 584 505 621 autem
519 582 718 622 ieiunium
728 588 759 633 ¹¹,
782 583 956 636 septimo
974 580 1335 622 tabernaculorum
1359 582 1678 633 constructio⁰1²‚

130 652 297 701 octava,
327 662 431 703 quae
461 653 527 690 est
554 649 826 704 plenitudinis
856 650 1092 690 fructuumq
1122 663 1419 704 pomorumque
1446 649 1679 690 *vindemia

131 716 323 759 Octobris
332 718 505 770 mensis,
521 719 706 759 omnium
716 717 1124 773 postrema⁵collatio
1141 717 1206 758 Get
1218 719 1533 759 consummatio.
1568 719 1677 768 Quae

129 790 172 827 et
191 784 421 827 secundum
436 799 602 827 menses
623 790 714 827 octo
733 785 975 827 diversitasr
996 787 1111 826 iuxta
1123 785 1304 826 litteram
1321 785 1554 828 celebratur
1571 787 1677 827 6111-

128 853 259 907 daeis,
279 852 345 895 ⁷et
365 853 597 896 secundum
613 853 845 909 spiritalem
861 855 1080 895 scientiam
1096 854 1394 908 incipientibus
1409 868 1552 896 mense
1569 855 1677 896 Mar-

126 923 185 964 tio
205 923 252 964 in
271 921 439 964 ⁸octavo
461 936 619 975 mense,
640 922 683 963 id
704 926 767 963 est
782 921 1000 975 ⁹Octobre,
1022 922 1352 963 l⁰consummata
1369 924 1507 964 omnia
1522 937 1595 977 per
1612 937 1677 964 or-

128 989 270 1032 dinem
288 1004 314 1032 a
333 990 496 1032 Christo
519 990 684 1032 domino
708 990 988 1043 conferuntur,
1010 1004 1113 1044 quae
1131 995 1228 1031 sunt
1244 990 1366 1045 plena
1382 991 1527 1031 salutis
1545 996 1677 1032 aeter-

126 1072 206 1101 nae
223 1060 397 1114 pignora
415 1060 459 1099 in
481 1058 562 1109 fide
583 1063 706 1113 atque
727 1073 848 1114 opere
870 1059 1193 1100 Christianitatis
1211 1059 1540 1100 consummanda
1555 1064 1678 1114 atque

128 1126 447 1182 comprobanda.
478 1127 586 1168 Nam
601 1128 680 1168 etsi
694 1132 793 1169 tunc
810 1128 1010 1182 temporis
1026 1127 1276 1168 iubebantur
1286 1127 1429 1169 Iudaei
1441 1127 1516 1169 (160
1535 1128 1678 1169 offerre

127 1195 276 1237 horum
295 1196 504 1237 mensium
525 1195 688 1237 diversa
708 1209 902 1248 munera,
930 1200 977 1237 ut
1003 1196 1245 1237 recedentes
1273 1196 1325 1237 ab
1346 1196 1468 1238 idolis
1491 1196 1565 1238 deo
1589 1211 1678 1238 esse

127 1267 425 1318 cognoscerent
444 1264 655 1306 offerenda
673 1264 776 1305 haec
799 1266 951 1317 omnia,
972 1269 1156 1306 attamen
1176 1264 1248 1305 illa
1269 1264 1490 1306 oblationis
1512 1267 1678 1320 spirita-

126 1331 179 1374 lis
198 1331 411 1374 habebant
430 1331 603 1385 indicia⁷
634 1346 738 1387 quae
766 1334 810 1373 in
837 1338 982 1374 octava.
1008 1333 1262 1388 perfectione
1291 1335 1513 1387 virtutum⁷
1542 1334 1588 1374 id
1616 1339 1679 1375 est

107 1399 212 1443 -djei
232 1399 487 1454 dominicae,
515 1400 679 1456 11plena
704 1402 916 1442 fructuum
942 1403 1073 1455 gratia
1099 1403 1143 1442 in
1165 1401 1246 1443 fide
1267 1404 1583 1445 resurrectionis
1605 1402 1677 1445 do-

215 1523 250 1560 3.
267 1524 384 1559 Moses
405 1523 544 1569 )A)abc.
615 1524 647 1558 4.
663 1525 856 1559 vindemiae
874 1526 919 1558 Α.
987 1525 1019 1559 5.
1039 1526 1188 1559 conlatio
1206 1526 1251 1559 A.
1321 1527 1351 1560 6.
1369 1531 1402 1560 et
1420 1539 1481 1561 om.
1501 1527 1530 1561 b.
1596 1527 1628 1562 7.
1647 1531 1680 1561 et

127 1582 190 1607 om.
206 1571 254 1605 A.
313 1569 345 1605 8.
363 1575 525 1604 octavum
539 1581 695 1604 mensem
712 1572 757 1603 A.
805 1571 836 1605 9.
860 1570 1043 1605 Octobrem
1059 1573 1104 1604 A.
1123 1571 1261 1605 Octobri
1278 1572 1307 1606 b.
1365 1573 1414 1606 lo.
1439 1579 1679 1608 consummata

127 1616 174 1651 A.
189 1620 427 1652 consummate
446 1615 533 1649 Bac.
550 1617 785 1650 consummari
802 1618 830 1651 b.
883 1618 933 1651 11.
950 1618 1089 1661 plenam
1104 1616 1278 1651 fructuum
1290 1619 1441 1663 gratiam
1453 1620 1498 1653 Α.

127 1718 213 1761 bati,
237 1728 343 1763 quam
364 1719 472 1764 vulgo
498 1723 655 1763 quartam
671 1718 793 1752 feriam
808 1730 867 1753 vo-

126 1767 218 1806 cant,
233 1764 418 1798 concilium
428 1765 644 1809 reperiuntur
657 1764 699 1797 ad
713 1765 867 1798 occiden-

126 1809 211 1843 dum
225 1809 404 1844 dominum
418 1809 543 1844 fecisse
559 1809 707 1844 Iudaeis*
743 1809 868 1844 Confer

124 1854 317 1890 Batonium
339 1855 383 1889 ad
398 1856 439 1889 A.
455 1855 510 1889 57.
526 1867 559 1889 11.
580 1856 653 1889 199.
671 1867 742 1900 seq.
760 1855 867 1889 Beve-

125 1901 263 1945 regium
270 1899 327 1934 ΙΙΙ.
338 1900 454 1935 Codic.
465 1900 595 1935 Canon.
608 1902 802 1946 primitivae
816 1912 867 1935 ec-

125 1946 252 1980 clesiae
268 1956 343 1992 cap.
363 1946 414 1980 10.
462 1946 643 1990 (Galeard.)

169 1990 196 2026 f.
220 2001 306 2036 quas
324 1992 470 2026 ecclesia
485 1991 666 2034 catholica]
700 1992 867 2037 Tempore

126 2035 302 2071 Philastrii
333 2041 411 2072 octo
434 2038 514 2071 illae
545 2037 746 2071 festivitates
772 2044 867 2071 erant

129 2083 163 2126 l)
180 2082 380 2117 Sabbatum.
421 2082 456 2127 2)
480 2083 621 2117 Domini
647 2082 790 2116 Natalis.
830 2083 865 2127 3)

125 2126 207 2180 Dies
222 2127 444 2181 Epiphaniae.
475 2129 513 2171 4)
530 2128 700 2185 Ieiunium
717 2128 868 2178 Quadra-

126 2183 291 2252 snr-
315 2173 867 2261 {assentiat-..afar

126 2267 275 2298 tecostes
320 2265 449 2299 aetitia.
488 2265 580 2299 Haec
605 2265 721 2298 omnia
736 2276 866 2299 memo-

126 2313 246 2344 rantur
259 2310 297 2344 in
313 2309 512 2345 Constitutt.
523 2310 675 2355 Apostol.
694 2310 733 2343 V.
752 2309 801 2344 13.
815 2322 866 2355 5(1.

126 2359 162 2389 et
171 2355 409 2401 apudffieron.
418 2355 573 2401 Epistola
585 2355 660 2390 289.
675 2355 718 2389 ad
731 2355 867 2389 Caesar.

126 2399 178 2436 De
200 2404 348 2446 quatuor
370 2402 507 2435 ieiuniis
530 2401 620 2434 infra
643 2411 672 2433 0.
693 2400 765 2434 145.
791 2401 866 2444 [Se-

126 2449 221 2492 ptem
227 2445 360 2481 16516111
372 2447 521 2481 Romilia
531 2445 776 2490 chrysostomo
786 2458 866 2492 sup-

151 2492 242 2526 osita
255 2502 345 2537 quae
359 2491 495 2538 incipit:
530 2491 680 2535 ..Φαιδρὰ
697 2490 753 2535 μὲν
778 2493 866 2524 πᾶσα

125 2501 254 2582 ξορτὴ,”
287 2537 322 2582 1)
337 2536 517 2571 Nativitas.
549 2536 580 2579 2)
596 2535 797 2581 Epiphania.
828 2538 864 2581 3)

125 2581 313 2616 Passionis.
336 2583 368 2626 4)
384 2582 666 2617 Resurrectionis.
684 2581 720 2623 5)
738 2583 865 2616 Ascen-

125 2627 245 2662 sionis.
269 2627 305 2672 6)
322 2627 346 2662 S
372 2628 471 2662 iritus
488 2633 640 2662 sanetus.
665 2627 699 2669 7)
718 2626 863 2673 Ἰἰβδόμη

127 2670 222 2717 ἑορτὴ
237 2672 258 2715 ἡ
275 2673 518 2718 προςοοκομένη
535 2672 640 2717 ἡμέρα
657 2674 711 2714 ’.ἧς
727 2669 864 2706 ἀναστά-

128 2728 210 2757 σεως
221 2720 287 2751 τῶν
300 2720 431 2763 νεκρῶν.
449 2718 615 2753 Similiter
627 2718 662 2751 in
674 2716 785 2751 Procli
797 2719 864 2753 Ho-

126 2763 224 2797 milia
238 2761 281 2802 εἰς
298 2763 338 2797 τὰ
354 2763 510 2809 γενέθλια.
542 2763 631 2798 Bibl.
652 2762 710 2797 Gr.
726 2763 814 2798 VIII.
832 2776 864 2810 p.

127 2806 492 2940 ffiffissmenia]
538 2854 567 2888 Ν
573 2866 640 2888 um.
666 2853 788 2889 XVIII.
816 2855 865 2888 ll.

178 2942 214 2979 h.
235 2949 272 2978 et
297 2946 465 2989 sabbatis]
506 2945 613 2979 Levit.
641 2944 807 2980 XXXIII.
834 2945 865 2980 3.

128 2987 231 3024 num.
246 2989 408 3026 XXVIII.
425 2992 457 3025 9.
505 2991 580 3033 (F.)

173 3035 196 3069 i.
218 3034 260 3070 (16
273 3035 452 3081 paschate]
464 3036 573 3073 Levit.
581 3035 710 3072 XXIII.
719 3035 751 3072 ἴ).
764 3035 864 3073 Num.

935 1719 1096 1753 XXVIII.
1118 1721 1168 1753 16.
1203 1719 1304 1754 Deut.
1323 1720 1415 1754 XVI.
1433 1722 1463 1755 2.
1505 1721 1567 1755 Die
1585 1722 1678 1755 XIV.

936 1766 1066 1798 mensis
1084 1766 1196 1798 ,Ni-San
1216 1767 1372 1807 (Martii.)
1421 1770 1437 1807 (
1440 1767 1479 1799 F.
1479 1771 1495 1808 )

981 1810 1014 1843 k.
1031 1811 1071 1844 de
1088 1812 1234 1855 azymis]
1259 1811 1367 1845 Levit.
1383 1812 1513 1846 XXIII.
1529 1813 1559 1846 G.
1576 1813 1677 1848 Num.

935 1855 1097 1891 XXVHI.
1118 1857 1168 1890 17.
1192 1857 1294 1890 Deut.
1310 1858 1403 1891 XVI.
1421 1857 1453 1892 3.
1502 1858 1576 1900 (F.)

982 1902 1003 1934 l.
1029 1902 1069 1935 de
1089 1903 1292 1947 manipulis]
1328 1903 1436 1937 Levit.
1465 1904 1595 1939 XXIII.
1628 1905 1677 1939 10.

936 1947 1074 1981 Numer.
1092 1948 1291 1982 XXXVIII.
1309 1948 1364 1984 26.
1402 1949 1502 1984 Dent.
1527 1950 1621 1985 XVI.
1647 1952 1677 1984 9.

935 2003 1054 2027 1116056
1062 1993 1167 2027 siz-an
1178 1994 1304 2037 (Maii),
1321 1994 1374 2028 die
1389 1996 1677 2041 quinquagesimo

936 2043 1014 2083 post
1030 2038 1169 2083 pascha.
1218 2039 1293 2081 (F.)

980 2095 1026 2118 m.
1051 2084 1092 2117 de
1113 2085 1374 2129 tubicinatione]
1415 2086 1523 2121 Levit.
1547 2087 1678 2121 XXIII.

936 2129 989 2163 24.
1013 2129 1115 2163 Num.
1131 2130 1266 2164 XXIX.
1287 2132 1315 2164 l.
1345 2131 1459 2166 Primo
1478 2133 1531 2166 die
1547 2134 1677 2167 mensis

940 2175 1033 2254 Ἰέςνόί
1054 2176 1315 2221 (Septembris),
1337 2177 1466 2211 festum
1488 2179 1569 2212 novi
1586 2180 1678 2213 anni.

935 2223 952 2261 (
986 2234 1006 2254 a
1031 2224 1075 2262 r.)

979 2278 1013 2299 n.
1037 2267 1220 2310 ieiunium]
1233 2267 1342 2301 Levit.
1356 2268 1487 2303 XXIII.
1502 2269 1555 2304 27.
1575 2269 1675 2303 Num.

933 2311 1068 2347 XXIX.
1094 2312 1124 2346 7.
1163 2313 1226 2346 Die
1258 2313 1390 2347 decimo
1421 2315 1551 2348 mensis
1588 2315 1617 2347 T
1616 2319 1675 2348 isra

933 2356 1061 2391 festum
1074 2369 1205 2403 magnu
1218 2359 1476 2403 mexpiationis,
1491 2361 1582 2405 quod
1596 2364 1676 2393 ieiu-

934 2405 985 2435 nii
999 2404 1138 2437 nomine
1154 2404 1248 2437 venit
1263 2405 1376 2438 Actor.
1392 2405 1538 2439 XXVII.
1552 2407 1583 2439 9.
1602 2406 1676 2446 (F.)

981 2460 1011 2482 0.
1035 2449 1334 2483 tabernaculorum
1349 2451 1572 2495 constructio]
1595 2451 1675 2485 Lev.

934 2493 1064 2528 XXIII.
1081 2494 1135 2528 34.
1172 2494 1311 2528 Numer.
1327 2495 1462 2528 XXIX.
1483 2496 1533 2528 19.
1574 2496 1673 2530 Deut.

933 2538 1026 2572 XVI.
1048 2538 1098 2572 13.
1123 2539 1176 2573 die
1192 2540 1270 2574 XV.
1289 2541 1417 2573 mensis
1441 2541 1540 2574 Tisri.
1589 2541 1664 2582 (F.)

978 2595 1011 2629 p.
1035 2590 1135 2618 sexto
1149 2591 1264 2618 autem
1277 2586 1452 2627 ieiunium,
1466 2587 1612 2631 septimo
1626 2590 1675 2619 ta-

933 2629 1196 2664 hernaculorum
1236 2632 1465 2674 constructio]
1515 2631 1677 2675 Neglexit

932 2678 1138 2709 structuram
1147 2677 1302 2721 scriptor,
1312 2688 1372 2721 pro
1382 2688 1487 2710 more.
1502 2676 1554 2710 Ex
1564 2678 1673 2710 activo

935 2720 1077 2761 „Dicit‚''
1119 2732 1162 2754 uo
1178 2722 1275 2755 initio
1289 2723 1479 2756 sentcntiae
1495 2728 1567 2755 erat
1581 2734 1674 2763 115115,

933 2770 1067 2844 1611116165
1124 2767 1155 2799 ic
1185 2768 1289 2801 tacite
1321 2769 1496 2812 passivam
1527 2768 1674 2802 formam

935 2838 951 2853 ‚,
981 2811 1110 2844 'citur.''

979 2867 1011 2900 q.
1028 2857 1250 2900 plenitudinis
1264 2858 1428 2903 fructum]
1447 2858 1527 2892 LeV.
1543 2858 1672 2892 XXIII.

934 2903 987 2934 329.
1005 2912 1077 2945 seq.
1108 2901 1172 2935 Per
1188 2909 1320 2947 septem
1337 2904 1408 2937 dies
1427 2904 1469 2936 ab
1483 2904 1603 2938 eodem
1620 2905 1673 2938 die

933 2946 1010 2981 XV.
1027 2948 1157 2981 mensis
1180 2948 1280 2982 Tim-i.
1310 2949 1386 2990 (F.)

979 3003 1004 3024 r.
1029 2993 1217 3028 secundum
1233 3005 1369 3027 01611505
1385 3001 1459 3027 octo
1477 2995 1672 3039 diversitas]

935 3037 1037 3072 Varia
1052 3049 1112 3082 per
1128 3050 1266 3075 menses
1282 3040 1434 3075 diversos
1449 3040 1548 3075 festa.
1596 3041 1671 3083 (F.)
