2052 3374
0 166 34 298 §.uma

677 189 728 215 DE
747 187 983 215 HAERESIBUS
1002 187 1195 214 LIBELLUS.
1316 182 1329 197 '
1629 186 1708 228 315

243 295 513 338 Archontiaci
533 309 558 337 a
575 294 836 351 principibus
854 293 1133 350 appellantur;
1156 292 1227 347 qui
1241 291 1571 345 universitatem,
1588 303 1712 345 quam
1735 301 1802 333 Cap·
1825 301 1856 325 X-

160 364 262 407 deus
283 364 484 417 condidit,
506 365 699 420 ¹opcram
720 377 810 405 esse
832 362 1175 416 archangelorum
1201 360 1441 402 defendunt.

242 433 466 476 Adamiani
481 433 620 475 vocati
637 431 763 488 ¹quod
780 431 894 474 Adae
911 431 1126 472 imitentur
1137 430 1389 481 nuditatem3
1407 432 1448 470 et
1464 428 1567 470 nudi
1579 432 1711 482 orant,
1737 438 1802 470 Cap·
1822 438 1869 462 ΧΙ-

159 506 201 544 et
219 501 322 543 nudi
340 501 453 543 inter
473 516 517 543 se
538 515 676 544 mares
697 501 959 554 feminaeque
982 499 1248 541 conveniunt.

243 570 443 626 ¹Ophitae
465 585 489 612 a
510 571 675 613 colubro
701 569 906 611 nominati
934 572 1044 610 sunt.
1096 567 1273 609 Coluber
1301 567 1413 608 enim
1442 567 1572 608 Gracc
1600 565 1712 622 ῗόφις
1737 575 1885 608 Cap->1112

159 638 323 683 dicitur.
376 639 526 681 Colunt
548 640 661 682 enim
681 642 934 694 serpentem,
956 636 1143 678 dicentes
1163 636 1303 691 ipsum
1319 637 1363 677 in
1378 635 1571 691 paradiso
1587 635 1711 677 indu-

156 708 269 750 xisse
288 708 456 750 virtutis
479 708 771 763 cognitionem.

243 777 418 820 Cainani
436 777 611 834 proinde
632 779 692 819 sic
714 775 912 832 appellati
932 788 1061 830 quum
1082 774 1184 816 Cain
1205 773 1390 815 adorant.
1739 783 1804 815 Cap·
1824 783 1902 808 xm.

243 846 457 888 ¹Sethiani
477 860 631 888 nomen
652 849 903 901 acceperunt
923 858 947 885 a
966 843 1051 885 filio
1068 843 1205 885 Adam
1221 843 1291 897 qui
1307 845 1479 884 vocatus
1497 846 1561 883 est
1581 840 1713 896 ²Seth,
1739 851 1805 884 Cap·
1829 851 1903 876 XIV-

159 914 345 957 dicentes
367 915 547 957 eundem
568 927 658 956 esse
680 914 902 956 Christum.

242 983 641 1026 Melchisedechiani
660 984 796 1025 vocati
816 997 890 1038 pro
914 995 961 1023 eo
984 981 1094 1036 quod
1112 979 1436 1032 Melchisedech,
1458 979 1716 1021 sacerdotem
1740 989 1805 1021 Cap·
1830 989 1890 1014 xv-

160 1051 240 1105 dei,
261 1066 347 1094 non
365 1052 580 1095 hominem
600 1053 743 1105 fuisse,
765 1051 839 1093 sed
858 1053 1057 1092 virtutem
1078 1049 1145 1091 dei
1166 1063 1257 1090 esse
1279 1048 1546 1090 arbitrantur.

244 1121 520 1176 ¹Artotyritae
542 1121 593 1162 ab
617 1121 824 1163 oblatione
847 1121 1007 1169 vocati3
1036 1132 1189 1174 panem
1217 1118 1329 1159 enim
1356 1121 1397 1158 et
1425 1131 1595 1158 caseum
1616 1117 1714 1159 offe-
1740 1126 1806 1160 Cap·
1826 1127 1901 1152 ΧΠ·

158 1193 269 1243 runt,
291 1189 479 1232 dicentes
499 1192 646 1246 primis
667 1190 906 1231 hominibus
929 1188 1179 1231 oblationem
1203 1201 1227 1228 a
1247 1186 1451 1228 fructibus
1472 1190 1608 1228 terrae
1631 1190 1672 1227 et
1692 1201 1715 1227 a

158 1259 364 1301 fructibus
386 1261 525 1301 ovium
544 1259 673 1302 fuisse
696 1258 962 1300 celebratam.

243 1328 415 1383 Aquarii
436 1328 633 1385 appellati
655 1342 700 1370 eo
724 1327 832 1383 quod
854 1326 986 1370 solam
1002 1340 1152 1382 aquam
1174 1326 1353 1368 offerunt
1372 1326 1415 1366 in
1432 1324 1559 1367 calice
1577 1338 1714 1366 sacra-
1741 1333 1806 1366 Cap·
1825 1332 1913 1359 XVIIu

157 1399 303 1440 menti.

243 1466 413 1509 Ae'riani
433 1467 485 1509 ab
505 1467 630 1510 Aerio
653 1466 832 1522 quodam
852 1466 1081 1521 nuncupati
1102 1469 1213 1519 sunt,
1235 1466 1304 1520 qui
1326 1464 1450 1507 offere
1467 1463 1717 1506 sacrificium
1741 1471 1807 1504 Cap·
1826 1471 1929 1497 XVffl-

157 1551 232 1592 pro
255 1536 463 1578 defunctis
484 1540 700 1592 spernunt.

242 1605 488 1647 Basilidiani
509 1620 533 1646 a
551 1605 735 1646 Basilide
757 1603 974 1660 appellati,
1007 1603 1077 1659 qui
1103 1605 1212 1644 inter
1233 1602 1415 1658 reliquas
1432 1601 1714 1658 blasphemias
1741 1609 1807 1642 Cap·
1827 1609 1900 1634 XIX-

85 1690 91 1696 ·
157 1688 331 1731 passum
351 1674 562 1716 Christum
583 1674 804 1728 abnegant.
857 1673 1009 1715 Contra
1034 1672 1110 1714 hos
1139 1672 1307 1728 scripsit
1325 1671 1531 1727 Agrippa,
1563 1685 1714 1726 cogno-

157 1748 299 1786 mento
323 1743 520 1797 Castoris,
547 1743 612 1785 vir
630 1742 752 1784 valde
776 1742 938 1795 doctus,
965 1755 1089 1797 quem
1114 1742 1234 1797 ponit
1260 1740 1408 1782 beatus
1436 1741 1713 1795 Hieronymus

159 1814 204 1854 in
224 1811 331 1854 libro
353 1812 404 1854 de
431 1811 691 1854 1Illustribus
719 1812 842 1853 Viris.
892 1811 970 1853 Hic
998 1810 1204 1852 Basijides
1230 1815 1414 1852 moratus
1444 1815 1508 1851 est
1532 1809 1714 1851 Alexan-

161 1881 289 1935 driae,
309 1882 569 1937 temporibus
589 1880 765 1923 Adriani
785 1881 1060 1936 imperatoris.

244 1950 571 2006 ¹Cathaphrygis
593 1963 745 1992 nomen
766 1951 981 2005 provincia
1007 1948 1209 2003 2Phrygia
1237 1947 1372 2002 dedit,
1402 1950 1498 2004 quia
1524 1948 1584 1989 ibi
1611 1950 1716 1989 exti-
1743 1954 1806 1988 Cap·
1827 1955 1884 1981 XX-

160 2024 301 2062 terunt
321 2024 510 2061 auctores
532 2033 674 2061 eorum
694 2019 916 2061 Montanus
939 2022 981 2059 et
995 2018 1139 2060 Prisca
1156 2022 1196 2059 et
1213 2017 1452 2060 Maximilla.
1484 2016 1538 2059 Hi
1558 2017 1713 2059 adven-

159 2093 251 2131 tum
270 2089 442 2145 spiritus
465 2090 599 2130 sancti
619 2101 704 2130 non
724 2089 768 2129 in
790 2086 1008 2143 apostolis,
1037 2086 1111 2129 sed
1136 2088 1180 2128 in
1210 2100 1254 2128 se
1279 2087 1481 2128 traditum
1510 2091 1712 2129 asserunt.

160 2157 374 2200 Adversus
394 2157 470 2199 hos
492 2158 659 2212 scripsit
679 2155 984 2211 3Apollinarius
1003 2155 1340 2211 Hierapolitanus
1363 2158 1594 2212 episcopus.

247 2226 457 2279 Gnostici,
486 2225 718 2267 secundum
755 2225 1081 2280 ¹Hieronymum
1107 2240 1130 2266 a
1156 2225 1341 2267 Basilide
1371 2227 1523 2278 exorti,
1548 2229 1717 2281 propter
1742 2242 1806 2275 Cap.
1828 2242 1898 2267 xx1.

162 2295 454 2338 excellentiam
475 2296 673 2336 scientiae
700 2296 759 2335 ita
780 2308 823 2335 se
845 2293 1045 2350 appellari
1065 2294 1300 2348 voluerunt,
1322 2296 1504 2336 animam
1525 2298 1716 2335 naturam

163 2365 231 2408 dei
246 2377 339 2406 esse
357 2363 558 2416 dicentes,
576 2363 732 2405 bonum
750 2367 792 2404 et
810 2363 966 2405 malum
978 2363 1101 2405 deum
1120 2363 1381 2418 dogmatibus
1395 2365 1480 2405 suis
1499 2363 1715 2417 fingentes.

248 2432 497 2476 Cerdoniani
519 2446 543 2473 a
564 2431 749 2474 Cerdone
771 2431 951 2486 quodam
979 2433 1278 2487 cognominati,
1307 2434 1376 2487 qui
1405 2431 1484 2474 duo
1512 2433 1717 2488 principia
1742 2448 1806 2481 cap.
1826 2449 1913 2474 xxii.

164 2501 370 2545 contraria
390 2505 593 2542 asserunt.

246 2570 536 2614 Marcionistae
558 2583 582 2610 a
601 2569 811 2612 Marcione
839 2568 976 2612 Stoico
1003 2569 1249 2626 philosopho
1278 2568 1489 2625 appellati,
1519 2571 1590 2624 qui
1618 2570 1716 2611 Cer-
1742 2585 1807 2618 cap.
1827 2586 1929 2612 xxm.

253 2695 338 2741 Cap.
353 2695 400 2729 X.
417 2713 462 2719 —
488 2694 517 2728 1.
535 2703 639 2739 opera
657 2695 753 2727 codd.

254 2740 337 2787 Gap.
353 2739 415 2775 XI.
432 2761 476 2765 —
504 2740 532 2774 1.
550 2739 689 2784 quidem
705 2739 768 2773 ade
785 2740 857 2774 cod.
875 2739 982 2774 1752.

254 2786 337 2832 Cap.
353 2785 431 2821 XH.
448 2805 491 2810 —
519 2787 547 2819 1.
565 2785 652 2818 Ofite
671 2786 767 2820 codd.
839 2784 870 2819 2.
887 2785 934 2819 ofi
951 2785 1052 2819 datur
1069 2785 1163 2817 codd.

254 2831 337 2878 Cap.
353 2831 445 2866 XIV.
462 2852 507 2856 —
534 2832 561 2864 1.
579 2830 738 2864 Serbiani
754 2831 826 2864 cod.
845 2830 950 2864 1752.
1021 2830 1052 2864 2.
1070 2828 1150 2863 sech
1168 2831 1240 2864 cod.
1261 2829 1366 2863 1752.

254 2877 338 2923 Cap.
352 2877 446 2912 XVI.
463 2898 507 2903 —
534 2877 561 2910 1.
579 2876 791 2910 Aseotherite
808 2878 904 2909 codd.

254 2923 326 2969 Cap
353 2923 451 2958 XIX.
468 2944 512 2948 —
540 2923 567 2955 l.
585 2923 725 2955 Hieron.
740 2921 792 2955 De
815 2921 955 2967 Scriptt.
975 2921 1107 2955 Eos-les.
1127 2932 1203 2966 cap.
1221 2920 1277 2954 21.
1305 2924 1348 2966 (s.

237 2968 339 3023 ‚cap'
355 2969 437 3003 XX.
454 2988 499 2993 —
526 2969 553 3001 1.
578 2967 786 3012 Cathafrigis
811 2969 907 3001 codd.
977 2967 1009 3001 22.
1032 2966 1135 3011 frigia
1157 2968 1253 3000 codd.
1324 2966 1355 3000 3.
1381 2967 1431 3011 Cf.
1449 2967 1642 3012 Hieronym.
1663 2969 1714 3002 De

164 3014 453 3105 scnpgppffi:
471 3014 632 3093 &Illa
652 3058 847 3102 Hieronym.
882 3058 933 3091 De
949 3057 1088 3102 Scriptt.
1107 3057 1202 3091 Eccl.
1221 3069 1296 3103 cap.
1316 3057 1372 3092 21.
