2052 3342
103 431 167 463 cap.
189 433 310 456 xxxvi.

87 773 151 805 Cap.
172 773 308 797 xxxvii.

67 979 131 1010 cap.
153 980 305 1004 xxxviii.

98 1185 163 1216 Cap.
186 1185 307 1210 XXXIX.

166 1335 230 1366 (Ἀψ-
252 1334 307 1359 XL.

151 1473 215 1502 (241.
237 1472 306 1496 XLI.

134 1610 198 1639 (³:111.
221 1609 305 1634 XLII.

119 1874 183 1902 ηρ.
205 1871 308 1896 xuu.

119 2156 153 2179 (¹21
160 2164 183 2187 p.
204 2155 224 2180 X
232 2156 304 2182 LIV,

134 2432 199 2462 Cap.
220 2430 301 2456 XLV.

335 180 416 221 318
1054 180 1164 205 raum

336 281 507 338 nuptiali
541 282 650 323 coitu
679 283 806 323 fuisse
837 288 1097 338 conceptum.
1150 283 1302 324 Contra
1328 283 1404 325 hos
1433 286 1600 340 scripsit
1620 283 1880 327 ²Audentius

335 354 542 406 Hispanus
565 353 794 405 opiscopus.

420 420 664 460 Eunomiani
690 420 740 460 al)
760 420 959 461 Eunomio
978 419 1154 474 quodam
1174 420 1403 473 dialectieo,
1426 422 1557 463 ¹Aetii
1575 422 1790 479 discipulo,
1807 436 1882 465 no·

336 490 479 529 minati
503 488 749 529 dissimilem
772 490 876 543 patri
900 488 1158 530 ¹·'asserentes
1182 489 1311 530 lilium
1329 496 1368 529 et
1386 490 1467 531 lilio
1486 490 1675 546 spiritum
1692 495 1883 533 sanctum

336 557 478 597 dicunt
502 556 807 598 etiamnullum
831 557 1023 612 imputari
1053 563 1268 613 peccatum
1298 560 1340 599 in
1371 558 1448 599 lide
1478 561 1750 602 manentium.
1800 560 1881 601 Re-

335 626 593 680 sponderunt
615 627 674 667 eis
696 625 992 681 ³Apollinaris‚
1014 626 1236 680 Didymus⁷
1259 626 1436 667 Basilius
1459 628 1757 682 Caesariensis,
1780 629 1881 671 Gre-

333 697 470 747 gorius
492 695 800 736 ⁴Nazianzenus
824 699 863 735 et
887 697 1105 748 Gregorius
1127 694 1355 749 Nyssenus.

416 763 740 818 Apollinaristae
772 764 823 805 ab
855 763 1085 819 Apollinari
1117 769 1214 804 sunt
1247 763 1407 817 vocati,
1448 764 1634 806 dicentes
1673 765 1883 807 ChriStum

333 846 481 887 corpus
513 833 799 875 tantummodo
834 835 923 874 sine
956 834 1095 874 anima
1126 834 1373 888 suscepisse.
1430 833 1505 874 IIis
1537 847 1698 888 quoque
1728 833 1884 875 restitit

331 902 600 956 Augustinus.

419 972 827 1025 ¹Metangismonitae
867 971 957 1012 ideo
990 970 1070 1012 tale
1107 985 1258 1012 nomen
1295 975 1567 1026 acceperunt,
1604 971 1701 1026 quia
1735 969 1882 1030 ἳόίγγος

335 1042 487 1082 Graece
511 1055 581 1081 vas
605 1041 766 1081 dicitur.
817 1041 1023 1082 Asserunt
1050 1041 1160 1080 enim
1190 1041 1249 1081 sic
1279 1041 1320 1080 in
1347 1043 1462 1095 patre
1491 1053 1581 1081 esse
1610 1039 1760 1094 filium,
1786 1043 1880 1081 tan-

334 1124 457 1163 quam
481 1124 550 1150 vas
573 1111 709 1150 minus
732 1111 858 1149 intrat
879 1110 1025 1150 maius.

415 1180 639 1220 I'atriciani
669 1194 692 1219 a
722 1177 899 1232 quodam
928 1178 1107 1218 Patricio
1138 1177 1339 1218 nominati
1361 1182 1478 1230 sunt,
1505 1178 1574 1232 qui
1603 1177 1881 1220 substantiam

332 1248 536 1288 humanae
560 1249 695 1288 carnis
718 1261 741 1287 a
764 1246 924 1287 diaholo
949 1245 1155 1287 conditam
1181 1260 1271 1286 esse
1295 1245 1450 1287 dicunt.

418 1316 673 1358 ¹Coluthiani
697 1330 719 1356 a
742 1315 918 1370 quodam
942 1313 1114 1355 Colutho
1138 1313 1258 1367 dicti,
1290 1314 1358 1369 qui
1391 1314 1535 1356 dicunt
1563 1314 1686 1357 deum
1713 1329 1798 1357 non
1818 1315 1879 1357 fa-

333 1399 424 1427 cere
437 1385 560 1436 mala,
583 1390 723 1426 contra
738 1384 837 1425 illud
852 1383 961 1438 quod
979 1384 1178 1438 scriptum
1191 1386 1268 1436 est,
1289 1383 1371 1437 Ego
1390 1382 1579 1425 dominus
1597 1397 1741 1426 creans
1757 1384 1879 1427 mal-a.

415 1454 594 1496 Floriani
619 1469 642 1494 a
663 1453 845 1505 Florum,
875 1453 944 1507 qui
974 1466 995 1493 e
1025 1453 1230 1493 contrario
1259 1451 1404 1493 dicunt
1431 1451 1555 1494 deum
1576 1466 1736 1494 creasse
1757 1451 1900 1506 ma1a‚·

332 1528 473 1565 contra
499 1522 538 1564 id
561 1522 667 1577 quod
691 1523 891 1576 scripturn
913 1526 990 1574 est,
1010 1520 1125 1562 Fecit
1146 1520 1336 1562 dominus
1359 1522 1497 1562 omnia
1518 1521 1638 1563 bona.

416 1591 782 1633 Circumcelliones
806 1591 906 1632 dicti
929 1589 1038 1645 quod
1061 1593 1242 1643 agrestes
1265 1589 1368 1642 sint,
1399 1603 1500 1644 quos
1523 1589 1792 1646 Cothopithas
1814 1589 1877 1632 di-

332 1665 441 1703 cunt.
474 1662 528 1702 IIi
551 1675 687 1702 amore
710 1660 898 1714 martyrii
921 1660 1168 1713 semetipsos
1190 1659 1419 1714 perimunt7
1440 1663 1486 1699 ut
1506 1657 1707 1700 violenter
1729 1659 1779 1700 de
1799 1659 1877 1701 hac

331 1732 413 1772 vita
436 1730 700 1771 discedentes
722 1733 925 1783 martyres
948 1729 1226 1769 nominentur.
1276 1727 1361 1769 Hos
1385 1740 1545 1782 quoque
1568 1741 1691 1783 saepe
1713 1727 1880 1782 sugillat

329 1800 598 1853 Augustinus.

414 1868 658 1920 Bonosimri,
685 1881 708 1908 a
729 1865 908 1921 quodam
929 1865 1090 1908 Bonoso
1114 1866 1308 1921 episcopo
1332 1865 1484 1918 exorti,
1513 1863 1724 1906 Christum
1746 1864 1878 1907 filium

331 1937 396 1978 dei
425 1936 688 1991 adoptivum,
715 1949 798 1977 non
826 1937 1059 1991 proprium,
1088 1938 1290 1976 asserunt.
1340 1934 1452 1975 Haec
1480 1933 1663 1975 haeresis
1691 1937 1876 1990 tempore

330 2006 466 2059 Magni
489 2004 629 2046 Karoli
657 2019 680 2044 a.
708 2004 885 2058 quodam
906 2004 1039 2045 Felice
1060 2004 1246 2058 Hispano
1275 2004 1468 2058 episcopo
1495 2003 1744 2044 resuscitata
1770 2002 1875 2044 1Ra-

330 2074 518 2115 tisbonae
541 2073 711 2114 collecta
733 2073 887 2126 synodo
911 2077 973 2113 est
995 2072 1202 2113 damnata.

412 2142 753 2184 Priscillianistae
776 2156 799 2182 a
820 2142 998 2195 quodam
1015 2140 1274 2182 Priscilliano
1296 2140 1445 2193 vocati,
1464 2140 1593 2194 quiin
1608 2139 1810 2195 Hispania
1825 2153 1875 2180 ex

329 2226 463 2254 errore
493 2212 784 2253 Gnosticorum
813 2214 854 2250 et
880 2209 1221 2251 Manichaeorum
1247 2204 1499 2264 permixtum
1529 2208 1677 2262 dogma
1707 2222 1873 2264 compo-

329 2283 423 2322 suit.
475 2280 626 2322 Contra
655 2293 756 2334 quos
785 2278 965 2333 loquitur
992 2278 1138 2320 beatus
1168 2291 1276 2333 papa
1298 2277 1517 2330 Gregorius
1545 2276 1590 2318 in
1611 2275 1804 2318 ¹homilia
1824 2276 1874 2318 de

326 2349 570 2405 Epiphania.
842 2391 845 2393 Α
1467 2339 1472 2343 ”

412 2418 662 2459 Luciferiani
684 2431 708 2457 a
729 2415 907 2470 quodam
927 2415 1116 2457 Lucifero
1139 2416 1332 2471 episcopo
1355 2413 1456 2455 dicti
1477 2417 1590 2455 sunt.
1637 2414 1691 2455 Hi
1712 2415 1871 2470 episco-

328 2501 401 2542 pos
424 2486 670 2539 catholicos,
692 2486 762 2539 qui
784 2484 888 2526 dolis
910 2484 1182 2526 1Arianorum
1204 2484 1475 2526 circumventi
1495 2482 1752 2524 Ariminensi
1773 2496 1871 2525 con-

328 2555 421 2598 cilio
444 2555 798 2610 subscripserunt⁷
826 2557 867 2594 et
893 2556 1039 2608 postea
1068 2553 1244 2594 correcti
1271 2551 1405 2594 redire
1427 2553 1471 2592 in
1494 2551 1738 2593 catholicam
1758 2549 1869 2592 dele-

416 2690 446 2724 2.
473 2690 523 2735 Cf.
552 2691 704 2723 Gennad.
737 2689 790 2723 De
822 2689 914 2723 Viris
938 2689 1068 2722 Illustr.
1087 2700 1163 2733 cap.
1182 2687 1234 2721 14.

417 2748 498 2792 Cap.
515 2747 680 2782 XXXVI.
696 2767 739 2771 ——
768 2747 796 2780 1.
821 2747 879 2780 effi
905 2748 1000 2780 codd.
1071 2745 1101 2778 2.
1127 2756 1284 2779 asserens
1309 2746 1403 2778 codd.
1474 2743 1505 2778 3.
1531 2741 1762 2789 appollinaris.
1786 2741 1869 2776 didi.

326 2804 401 2827 mus
420 2795 515 2827 codd.
585 2793 617 2827 4.
634 2803 850 2831 nazanzenus
867 2796 901 2825 et
919 2791 1105 2836 Gregorius
1121 2792 1262 2825 nisenus
1281 2792 1377 2824 codd.

417 2850 497 2895 Cap.
514 2849 711 2883 XXXVIII.
729 2869 772 2873 —
801 2849 827 2882 1.
845 2850 1026 2894 Metanges
1042 2848 1221 2881 nominati.
1238 2848 1312 2881 ideo
1331 2849 1426 2881 codd.
1497 2847 1527 2880 2.
1545 2855 1673 2890 angeos
1691 2846 1785 2880 codd.

416 2896 497 2941 Cap.
513 2895 587 2929 XL.
604 2915 647 2919 —
674 2895 702 2928 1.
720 2893 904 2928 Colithiani
920 2906 940 2927 a
956 2894 1106 2939 quodam
1123 2893 1247 2928 colitho
1266 2895 1361 2927 codd.

416 2941 498 2986 Gap.
514 2940 637 2975 XLIII.
652 2960 696 2966 —
723 2940 751 2973 1.
774 2940 948 2984 ratispone
966 2941 1062 2974 codd.

416 2987 497 3032 Cap.
513 2986 634 3020 XLIV.
650 3006 694 3012 -
720 2986 750 3019 1.
768 2986 893 3019 omelia
909 2987 1005 3020 codd.

417 3032 497 3076 Cap.
514 3032 618 3067 XLV.
636 3052 678 3058 -—
706 3032 733 3066 l.
751 3031 965 3066 arrIanorum
978 3032 1072 3065 codd.
