2084 3374
694 231 744 256 DE
762 230 995 256 HAERESIBUS
1014 230 1134 256 LIBER.

1631 230 1682 271 25

147 338 255 388 nies,
277 339 323 376 ut
342 349 393 376 ex
413 349 494 377 uno
516 337 681 376 nomine
697 336 824 389 impia
838 337 1045 388 generatio
1062 334 1218 376 Belitae
1242 334 1510 375 ⁷dicerentm·.
1541 333 1682 387 Itaque

146 405 295 445 mortui
311 417 404 445 cum
425 404 468 444 in
484 405 762 445 monumentis
780 407 1047 458 ponerentur,
1069 407 1110 444 et
1126 405 1342 458 progenies
1358 402 1521 444 illorum
1540 401 1684 443 itidem

146 471 308 527 sepulta
331 473 374 512 in
395 485 442 513 eo
463 471 549 513 loco
572 472 648 513 hoc
670 473 833 513 nomine
856 486 879 512 a
900 483 972 512 suo
994 471 1143 527 populo
1164 474 1314 513 meruit
1334 486 1358 512 a
1378 472 1553 527 posteris
1575 484 1682 512 nun-

147 541 304 595 cupari,
333 543 380 580 ut
397 539 552 581 Belitae
579 540 882 595 appellarentur
908 554 932 580 a
953 554 1027 580 sua
1047 542 1309 593 generatione
1331 541 1519 594 pristina.
1559 539 1684 581 Belus

145 611 282 649 autem
302 609 388 649 sive
409 622 433 649 a
453 611 613 664 proprio
634 610 820 660 nomine,
841 609 927 648 sive
949 622 973 648 a
993 608 1231 649 fortitudine
1254 608 1392 661 bellis,
1416 610 1511 662 quia
1532 608 1683 649 multos

145 676 365 732 superabat
380 680 477 717 tunc
498 678 712 731 temporis,
732 677 809 718 1100
830 690 980 717 nomen
1002 680 1073 716 aut
1093 690 1321 729 cognomen
1342 677 1492 718 habere
1516 679 1684 718 sortitus

145 749 221 797 est,
238 745 368 799 deque
384 745 459 786 hac
476 759 519 786 re
531 745 773 786 Iudaeorum
790 744 962 800 populus
975 745 1228 799 impietatem
1243 746 1458 798 gentilium
1474 745 1682 799 sequendo

144 827 169 854 a
188 813 329 854 divina
348 815 553 869 scriptura
567 817 800 865 accusatur,
822 812 930 867 quod
947 813 1226 854 sacrificantes
1247 813 1349 866 illis,
1371 814 1412 854 id
1435 818 1498 855 est
1520 814 1684 867 regibus

144 885 186 922 et
211 895 351 923 eorum
376 882 472 923 filiis
496 884 686 936 omnique
711 882 945 935 cognationi
970 881 1151 935 illorum⁷
1177 882 1348 937 Seosque
1379 886 1597 936 sequentes
1622 883 1683 924 (11-

143 951 272 992 versis
296 950 604 1006 captivitatibus
624 950 903 991 tradebantur.

253 1018 348 1061 Alia
373 1022 437 1061 est
461 1019 642 1060 haeresis
668 1020 711 1060 in
736 1018 919 1071 Iudaeis,
951 1032 1053 1073 quae
1090 1018 1208 1059 ¹Baal
1239 1018 1395 1060 idolum
1421 1017 1469 1059 2a
1493 1019 1684 1060 Balaama

142 1087 518 1143 pseudopropheta,
555 1089 625 1142 qui
661 1087 710 1128 de
740 1087 1035 1142 Mesopotamia
1065 1087 1289 1128 advenerat
1319 1091 1463 1128 contra
1492 1088 1682 1141 3Moysen

144 1156 447 1209 beatissimum⁷
467 1159 658 1197 asserunt
677 1170 827 1198 nomen
848 1157 1077 1211 accepisse,
1098 1155 1218 1210 “quia
1232 1155 1381 1197 Balacb
1402 1160 1500 1197 tunc
1522 1160 1682 1211 tempo-

143 1225 199 1266 ris
219 1238 292 1265 rex
310 1224 581 1266 Moabitarum
603 1225 718 1266 illum
741 1229 970 1278 rogaverat,
997 1228 1043 1265 ut
1063 1225 1112 1266 ad
1136 1231 1251 1266 eumC
1280 1226 1377 1276 iret,
1399 1230 1440 1265 et
1459 1225 1681 1266 maledice-

145 1296 207 1333 ret
225 1293 373 1348 populo
390 1293 646 1335 Iudaeorum.
678 1294 729 1334 Et
749 1295 845 1348 quia
866 1297 910 1334 ut
928 1294 1129 1349 propheta
1148 1295 1191 1333 in
1213 1295 1429 1348 scripturis
1452 1297 1547 1334 ante
1571 1294 1682 1335 dice-

146 1361 303 1415 batur‘¹‚
332 1365 567 1417 contempto
599 1363 760 1403 ‘'¹autem
788 1367 1004 1417 praecepto
1035 1362 1189 1403 domiui
1219 1362 1271 1403 ad
1301 1362 1683 1418 pseudoprophetae

145 1434 288 1485 postea
308 1430 523 1472 descendit
542 1433 792 1483 interitum⁰‚
814 1435 956 1472 contra
976 1430 1042 1471 (101
1063 1431 1259 1485 populum
1281 1431 1518 1484 cogitando,
1543 1431 1684 1472 Iudaei

145 1502 190 1540 ut
208 1501 357 1554 pagani
380 1499 455 1540 sub
484 1499 559 1541 hoc
583 1499 800 1541 vocabulof
834 1499 989 1541 idolum
1017 1499 1214 1540 facientes
1243 1501 1372 1555 ipsius
1401 1499 1533 1541 colere
1555 1500 1683 1541 illudg

145 1581 227 1609 non
248 1567 506 1609 desinebant.

233 1639 264 1673 7.
289 1640 455 1673 diceretur
472 1641 500 1673 b.
525 1640 556 1674 8.
574 1652 700 1685 eosque
718 1644 898 1685 sequentes
917 1642 945 1674 h.
964 1645 1144 1685 sequentes
1164 1643 1291 1685 reliqui.

233 1684 433 1730 Cap XXV.
451 1689 484 1718 iu
496 1687 568 1719 alm.
580 1689 770 1731 inseriptnnz
795 1687 894 1719 hahet
907 1687 1079 1721 HAEnEsis
1098 1697 1167 1720 cvm
1181 1699 1270 1720 ΒΑΜ,
1285 1688 1410 1731 (numi
1426 1688 1490 1727 ab.)
1511 1699 1626 1720 10010.
1677 1709 1683 1711 -

147 1731 174 1765 1.
191 1730 299 1764 Bahal
319 1731 406 1764 Bab.
476 1732 505 1765 2.
529 1743 550 1765 a
572 1732 713 1765 Balaam
730 1732 1026 1777 pseudopropheta
1051 1746 1078 1765 e.
1103 1737 1163 1766 ant.
1187 1732 1328 1766 Balaam
1352 1731 1683 1777 pseudoprophetam

144 1777 272 1820 reliqui.
309 1776 339 1810 3.
353 1777 475 1811 Mosen
489 1778 541 1811 ab.
582 1778 612 1810 4.
631 1778 689 1822 qui
706 1779 759 1811 ab.
778 1777 808 1811 5.
824 1783 901 1812 ante
915 1780 943 1811 b.

194 1839 218 1872 f.
243 1839 314 1872 sive
342 1850 363 1872 a
390 1839 586 1873 fortitudine
610 1840 702 1883 belli]
744 1840 879 1873 Notatio

144 1885 292 1918 nominis
308 1884 398 1918 haud
414 1885 528 1918 miuus
545 1886 657 1918 aliena
671 1896 771 1930 quam
791 1886 879 1930 quod

145 1931 180 1964 in
189 1929 355 1964 Chronico
364 1930 521 1964 Paschali
534 1943 565 1975 p.
575 1931 629 1964 36.
654 1931 756 1965 Belus
771 1932 879 1964 (lictus

144 1976 287 2009 traditur
303 1977 403 2021 quasi
421 1975 515 2019 βέλος
534 1977 637 2010 telum
665 1975 735 2013 ..διὰ
752 1977 788 2009 τὸ
808 1975 879 2016 ὀξύ-

145 2033 241 2054 τατον
266 2017 373 2054 εἴναι.”
411 2022 570 2066 Hyginus
587 2022 655 2055 sab.
674 2022 748 2055 274.
778 2024 880 2066 „Ass-2·

145 2073 177 2100 et
192 2068 353 2112 Aeqypcii
362 2070 511 2112 primum
526 2068 674 2111 fitste'lms
700 2069 878 2102 «limitare-

144 2119 231 2153 runt,
244 2119 362 2158 postea
382 2113 482 2146 Belus
499 2113 751 2157 Neptuni-filius
761 2115 878 2157 qlaslio

145 2159 360 2202 belliqeratus
373 2165 429 2199 est,
442 2160 528 2191 unde
542 2160 657 2191 bellum
670 2160 878 2193 ostilio-tunlf’

135 2203 319 2238 Postrema
339 2204 445 2237 verba
492 2215 528 2237 ro
557 2205 763 2245 glossemate
790 2206 879 2238 male

144 2248 248 2283 habet
262 2248 424 2283 Barthius
438 2260 458 2282 a
493 2250 641 2283 Statium
654 2250 692 2282 Τ.
703 2250 733 2282 2.
748 2261 779 2295 p.
791 2250 878 2289 8⁸94

143 2305 226 2328 nam
254 2293 479 2329 Cassiodorus
510 2306 644 2339 quoque
671 2295 730 2328 lib.
752 2296 778 2328 1.
802 2295 878 2340 Epi·

145 2341 233 2374 stola
249 2340 302 2374 30.
320 2351 399 2374 cum
414 2351 569 2385 pugnam
586 2341 711 2373 dietam
728 2352 802 2373 esse
819 2353 879 2374 no-

144 2389 264 2428 tasset,
290 2386 379 2431 quod
400 2387 496 2439 prius
519 2390 684 2419 certatum
707 2391 798 2420 esset
818 2398 879 2431 pu-

145 2431 222 2475 gnis
238 2437 381 2476 „postea,
397 2432 518 2476 lnquit,
539 2432 793 2476 Belusfhrreum
803 2434 878 2476 yla-

145 2479 234 2510 ‹Iium
246 2479 377 2521 primus
387 2479 564 2522 produxit,
590 2491 609 2509 a
635 2490 694 2520 quo
710 2478 749 2509 'et
764 2478 878 2511 bellum

139 2523 277 2567 plac-uit
302 2523 500 2556 nominuri.’'
541 2522 605 2563 Qui
634 2523 728 2556 locus
755 2523 877 2557 Vossio

145 2568 248 2601 etiam
264 2568 300 2601 in
316 2567 564 2612 Etymologico,
583 2573 614 2601 et
632 2567 818 2602 Munckero
835 2569 877 2602 ad

143 2613 320 2657 Hyginum
335 2613 405 2647 iam
422 2614 632 2647 observatus.
680 2613 755 2655 (F.)

190 2657 236 2692 Ca
263 2685 270 2692 .
282 2658 394 2693 XXV.
411 2679 455 2684 —
485 2669 515 2692 3.
540 2670 560 2692 3
576 2659 718 2692 Balaam
736 2660 876 2704 pseudo-

144 2669 323 2748 propffeta]
353 2704 406 2737 Ita
421 2705 551 2750 scripsi,
570 2715 646 2737 cuin
663 2704 791 2748 priores
808 2705 877 2738 edi-

145 2749 254 2782 tiones
266 2760 445 2795 perperam
457 2749 637 2784 haberent:
661 2756 720 2782 aut
729 2749 876 2784 Basilum

140 2795 472 2839 pseudoprophetam.
520 2795 594 2836 (F.)

197 2840 229 2873 b.
258 2841 339 2884 quia
361 2839 480 2884 Balac]
521 2841 610 2874 Male
643 2841 675 2873 in
709 2841 876 2885 prioribus

145 2884 366 2919 editionibus:
383 2889 438 2930 qui
456 2887 578 2919 Balatu
626 2885 700 2927 (F.)

198 2941 226 2963 0.
251 2930 293 2964 ad
310 2941 389 2964 eum
404 2932 482 2974 iret]
507 2931 557 2965 Ad
579 2942 695 2975 regem
717 2935 800 2976 puta
811 2931 877 2966 Ba-

145 2975 526 3015 1acumNum.XXJI.5.
538 2991 544 3017 ;
562 2977 666 3021 igitur
679 2977 790 3021 magis
802 2989 876 3022 per-

147 3021 262 3065 spicue
276 3021 421 3055 dixisset
433 3024 481 3055 acl
491 3034 534 3055 se.
561 3022 626 3055 Sed
640 3022 799 3066 frequens
816 3022 877 3057 hu-

147 3065 294 3100 iusmodi
320 3067 489 3112 neglectio
518 3067 681 3113 reciproci
707 3069 876 3113 pronomi-

950 1841 1011 1881 nis,
1030 1844 1063 1873 et.
1080 1841 1232 1873 vicissim
1260 1840 1361 1874 huius
1392 1853 1450 1885 pro
1474 1841 1684 1874 demonstra-

949 1887 1017 1919 tivo
1038 1898 1118 1919 usus
1129 1887 1217 1930 apud
1228 1887 1408 1931 scriptores
1422 1887 1520 1920 istius
1533 1887 1684 1919 maxime

948 1936 981 1965 et.
1008 1933 1225 1977 sequentium
1252 1937 1414 1965 aetatum.
1460 1932 1517 1965 Sic
1545 1933 1685 1965 illustris

947 1978 1090 2011 Iluetius
1108 1978 1372 2011 commentarios
1397 1978 1437 2011 de
1463 1979 1532 2011 vita
1555 1979 1685 2011 suain-

947 2024 1082 2068 scripsit
1100 2025 1139 2057 (ἰο
1164 2025 1260 2056 relius
1284 2026 1332 2057 acl
1348 2036 1415 2057 enm
1431 2025 1683 2069 perle'lzeute'bus.

947 2069 1087 2111 (Fam.)

991 2115 1022 2147 d.
1046 2114 1212 2160 propheta
1236 2115 1271 2148 in
1294 2116 1470 2161 scripturis
1494 2120 1572 2148 ante
1597 2116 1684 2149 (lice-

946 2161 1060 2203 batur]
1079 2161 1114 2194 S.
1127 2161 1356 2205 Hieronymus
1374 2162 1408 2194 in
1427 2162 1684 2206 quaestionibus

945 2206 1122 2240 Hebraicis
1140 2207 1182 2239 ad
1197 2207 1321 2240 Genes.
1335 2207 1447 2240 XXII.
1465 2218 1544 2240 cum
1560 2207 1682 2240 Balaa-

946 2263 1042 2285 mum
1065 2252 1209 2285 dixisset
1233 2253 1275 2285 ab
1292 2253 1456 2286 Hebraeis
1481 2252 1598 2286 haberi
1622 2264 1682 2297 pro

948 2308 987 2330 eo
1005 2298 1063 2342 qui
1079 2298 1115 2331 in
1132 2298 1217 2331 libro
1234 2298 1294 2331 Iob
1312 2298 1434 2331 dicitur
1448 2298 1557 2339 Enim,
1576 2302 1609 2331 et
1625 2309 1683 2343 ‚ege-

947 2354 1011 2376 nus
1037 2343 1173 2376 duxerit
1197 2355 1218 2376 a
1234 2343 1388 2377 Nachore
1407 2343 1591 2377 Abrahami
1617 2346 1682 2377 fra-

947 2392 1013 2421 tre:
1031 2389 1207 2430 „Primum
1223 2390 1342 2433 inquit⁷
1355 2392 1406 2422 νίν
1419 2396 1557 2422 semotus
1571 2396 1682 2434 etpro-

942 2434 1058 2478 phetes
1075 2436 1130 2467 dei
1144 2435 1152 2469 l
1161 2434 1260 2468 Num.
1269 2435 1395 2469 XXIV.
1410 2435 1441 2468 3.
1455 2439 1550 2479 seq.),
1565 2442 1681 2479 pas-tear

943 2492 1006 2524 per
1022 2480 1278 2513 z'zmbediwztiam
1304 2487 1336 2512 et
1351 2482 1549 2513 desideriam
1576 2492 1682 2512 uulne-

946 2538 1033 2565 rum,
1052 2527 1125 2558 clam
1146 2526 1260 2559 Israrlssl
1276 2527 1476 2559 malecle‘‹‚·ere¹
1500 2529 1607 2570 eupit,
1633 2527 1681 2557 ‹laf-

945 2573 1017 2603 rim·
1032 2571 1191 2603 vocabalo
1209 2571 1288 2615 (Ios.
1308 2571 1400 2605 Xlll.
1418 2571 1486 2615 ⁴22.)
1513 2584 1680 2614 nuncupat-

947 2616 1029 2649 tur.'’
1053 2616 1144 2650 Male
1158 2617 1248 2661 apud
1262 2616 1477 2657 Eucherium,
1496 2617 1552 2650 ubi
1566 2617 1680 2649 Hiero-

945 2662 1040 2705 nymi
1063 2663 1168 2695 verba
1191 2662 1368 2704 describit,
1394 2664 1502 2696 ‹liz-ini
1525 2662 1680 2693 vacabulo

940 2709 1111 2751 privatur.
1159 2707 1234 2749 (F.)

991 2763 1019 2786 e.
1045 2752 1087 2785 ad
1101 2752 1420 2798 pseudoprophetae
1437 2752 1610 2786 descendit
1629 2752 1679 2784 in-

943 2798 1097 2841 teritum]
1115 2797 1393 2834 Nurne1·.XXXI.
1411 2796 1678 2832 S.10s.XlH.·22.

945 2843 1084 2884 (Fabr.)

997 2889 1020 2921 f.
1044 2889 1108 2922 sub
1126 2888 1189 2922 hoc
1203 2889 1385 2932 vocabulo]
1409 2889 1524 2922 Baalis
1543 2887 1679 2921 nomine

946 2933 1149 2967 ssalaamum
1166 2935 1331 2976 colentes,
1355 2935 1444 2979 quod
1462 2933 1574 2967 nullus
1592 2933 1678 2967 alius

946 2980 1106 3023 antiquus
1116 2980 1268 3024 scriptor,
1288 2985 1453 3024 quantum
1464 2978 1599 3023 quidem
1613 2989 1678 3023 ego

945 3025 1097 3065 memini,
1114 3025 1275 3058 traditum
1292 3026 1437 3069 reliquit.
1485 3024 1560 3065 (F.)

998 3080 1031 3115 g.
1056 3070 1167 3105 colere
1184 3071 1267 3104 illud
1286 3082 1352 3104 non
1370 3069 1585 3114 desinebant]
1604 3069 1628 3104 1.
1646 3081 1674 3104 e.

1709 1027 1771 1059 Cap.
1793 1027 1874 1051 xxv.
