2052 3342
1110 238 1308 263 PHILASTRI

435 240 512 282 182

434 357 548 396 eum,
569 346 640 383 aut
661 341 711 382 de
733 340 1006 394 animalibus,
1032 340 1103 383 ⁶:10
1133 341 1184 382 de
1204 342 1363 397 forcipe
1384 344 1523 395 ignem
1543 345 1755 399 accepisse
1776 343 1842 385 ⁷et
1860 357 1982 386 mun—

435 411 554 453 dasse
577 410 841 466 prophetam,
864 409 971 464 quod
995 423 1077 450 non
1100 414 1163 450 est
1184 408 1287 451 adeo
1310 412 1530 452 Sscientiae
1553 411 1767 465 salutaris,
1788 425 1883 453 cum
1903 411 1985 465 hic,

435 480 483 522 de
507 480 729 520 (berubim
751 483 822 519 aut
843 478 1059 533 Seraphim
1082 492 1210 519 unum
1231 478 1387 520 animal
1409 492 1503 520 eum
1523 478 1643 533 dicit,
1670 479 1713 521 id
1742 479 1793 522 de
1824 479 1986 522 duobus

434 549 694 589 testamentis
718 547 837 601 dicit,
859 547 968 588 unde
992 547 1271 602 patriarchae,
1293 547 1565 602 ”prophetam
1586 548 1821 590 sacerdotes
1843 549 1983 590 edixe—

435 617 541 659 rint¹¹
565 622 605 658 et
626 616 820 671 apostoli,
843 617 950 670 ¹⁰qui
982 615 1135 656 mundo
1159 617 1271 658 omni
1294 615 1567 658 adventuram
1594 619 1769 670 gratiam
1790 617 1984 659 ostende·

433 686 548 737 baut,
571 685 838 740 quadriformi
861 686 1036 725 virtute⁰
1059 684 1258 737 fulgentia
1279 698 1454 725 munera
1475 684 1526 727 ad
1549 687 1776 727 certamina
1792 685 1987 728 caelestia

435 755 695 809 capientibus
716 755 1015 794 ministrantes.
1049 753 1193 794 ¹1Nam
1211 753 1436 794 Cherubim
1452 753 1666 808 plenitudo
1684 753 1902 796 scientiaes
1922 754 1984 796 di·

435 826 555 875 citur,
578 828 619 863 et
641 821 902 877 ¹²Semplzz'm
919 823 1048 862 virtus
1067 824 1186 875 ignea
1209 821 1499 876 ¹⁷‘peragransg
1520 822 1765 877 appellatur.
1798 822 1985 864 141111111-

435 907 511 947 que
536 891 838 946 plenitudinem
860 890 1059 931 habentes
1089 892 1293 931 scientiae
1324 889 1524 945 spiritalis
1553 905 1600 931 ao
1623 890 1777 932 Christi
1797 893 1986 944 mysterii

435 966 625 1001 tenentes
649 960 814 1000 divitias
845 959 1028 1000 diversas
1059 959 1268 1000 doctrinas
1299 961 1414 999 iussu
1445 958 1601 1000 domini
1630 959 1749 1001 nobis
1772 958 1988 1001 dimittunt

435 1034 475 1071 et
493 1029 697 1081 deserunt,
715 1030 907 1081 omnique
927 1027 1063 1067 seculo
1082 1027 1229 1068 itidem
1247 1029 1335 1068 sine
1355 1026 1532 1081 quadam
1550 1029 1860 1069 intermissione
1879 1041 1985 1070 nun-

435 1100 606 1147 tiantes;
630 1111 679 1137 ex
702 1097 850 1150 quibit>¹
873 1110 978 1136 unus¹
1001 1097 1154 1136 missus
1183 1100 1246 1136 est
1274 1096 1325 1136 ad
1357 1095 1559 1136 ¹⁵Esaiam
1588 1096 1855 1151 prophetam,
1880 1095 1987 1137 hano

437 1168 586 1221 quippe
606 1166 755 1206 s'hristi
781 1165 1006 1205 doctrinam
1025 1166 1293 1217 annuntiznm,
1317 1163 1578 1217 salvatorem,
1601 1164 1710 1218 quod
1727 1167 1815 1205 erat
1831 1163 1986 1205 adven-

436 1241 552 1277 turus
577 1236 615 1275 in
641 1248 826 1281 earnem,
856 1235 1107 1287 spiritusque
1141 1233 1268 1273 divini
1301 1232 1565 1273 credentibus
1594 1232 1793 1274 allaturus
1815 1233 1988 1286 gratiam

438 1306 658 1359 copiosam.
717 1303 858 1343 Esaias
896 1303 1031 1355 itaque
1062 1301 1110 1342 de
1139 1301 1384 1355 patriarchis
1412 1305 1453 1340 et
1480 1301 1569 1355 lege
1599 1305 1641 1342 et
1666 1302 1872 1356 prioribus
1903 1303 1988 1342 suis

438 1373 649 1430 prophetis
672 1376 887 1426 acceperat
907 1372 1080 1423 gratiam
1104 1371 1328 1422 fortiorem,
1351 1369 1393 1410 id
1415 1372 1478 1410 est
1498 1369 1628 1410 divini
1649 1371 1819 1424 spiritus
1840 1374 1987 1425 poten·

439 1444 536 1483 tiam
561 1441 814 1496 ampliorem,
837 1454 861 1480 a
883 1439 1087 1495 prioribus
1110 1438 1282 1492 scilieet,
1304 1442 1350 1479 ut
1370 1437 1562 1478 ¹⁶Christi
1582 1440 1842 1492 mysterium,
1862 1438 1906 1480 id
1927 1442 1990 1479 est

442 1511 523 1551 'fut
554 1510 894 1565 incorporationis
930 1510 1060 1563 ipsius
1089 1508 1226 1549 seculo
1257 1508 1431 1559 gratiam
1460 1508 1682 1548 nuntiaret.
1733 1506 1830 1548 Ideo
1854 1510 1896 1548 et
1916 1506 1988 1548 do·

439 1582 575 1621 minus
599 1579 650 1619 ad
672 1577 872 1632 quosdam
884 1578 919 1617 ¹¹:
948 1576 982 1614 ()
1004 1578 1103 1617 (lm-i
1124 1577 1259 1628 corde,
1282 1583 1318 1616 et
1338 1576 1617 1631 imprudentes
1639 1577 1796 1629 animo,
1819 1589 1891 1617 cur
1906 1589 1989 1617 non

440 1648 653 1690 advertitis
677 1648 785 1701 quod
808 1647 872 1687 lex
895 1650 936 1686 et
957 1645 1180 1700 prophetae
1211 1644 1260 1685 de
1292 1644 1375 1685 filio
1403 1644 1583 1684 hominis
1613 1658 1716 1699 quae
1746 1648 1842 1685 ante
1869 1658 1988 1700 prae-

441 1717 630 1758 dixerant
651 1717 846 1768 all'utura,
876 1720 1025 1755 cuneta
1053 1715 1333 1755 consummari
1362 1710 1627 1768 oportuerat?
1666 1712 1852 1754 Decebat
1880 1709 2018 1755 enim'

441 1786 489 1826 (le
520 1785 763 1840 patriarchis
795 1788 835 1825 et
861 1783 948 1836 lege
978 1783 1146 1824 beatum
1176 1784 1362 1837 accipere
1383 1781 1570 1835 Esaiam,
1595 1785 1642 1823 ut
1671 1781 1723 1823 ab
1755 1783 1814 1823 eis
1846 1781 1990 1823 doetus

440 1854 535 1896 sorti
556 1857 692 1895 animo
711 1853 865 1895 Christi
883 1851 1090 1894 carnalem
1107 1852 1386 1907 praesentiam
1401 1850 1673 1907 praedicaret.
1703 1850 1848 1905 Ignem
1864 1851 1990 1892 etiam

532 2003 562 2034 Γ».
581 2012 619 2035 ac
639 2014 706 2045 eqo.
725 2004 782 2034 aut
801 2001 881 2033 libri
897 2013 1014 2033 omnes.
1082 2000 1112 2033 7.
1131 2003 1162 2032 et
1179 1999 1365 2033 mundasse
1381 2011 1443 2033 om.
1463 1998 1493 2032 b.
1555 1997 1586 2032 8.
1605 1998 1749 2033 scientia
1763 1998 1809 2033 A.

441 2048 562 2094 phetae
580 2060 639 2081 (ml.
659 2048 687 2080 b.
762 2047 811 2079 10.
830 2047 887 2091 qui
904 2059 963 2080 om.
984 2047 1013 2080 ὁ.
1088 2046 1136 2079 11.
1155 2045 1244 2079 Nam
1267 2056 1345 2078 cum
1370 2044 1410 2078 de
1428 2043 1613 2078 Cherubim
1630 2045 1674 2077 A.
1747 2044 1798 2077 12.
1815 2047 1850 2078 et
1865 2043 1915 2089 (et
1931 2056 1991 2078 om.

443 2096 486 2137 c.)
504 2093 685 2138 Seraphim
702 2094 808 2126 virtus
828 2104 867 2132 e.,
885 2105 924 2126 ex
944 2094 1081 2125 coniect.
1099 2091 1130 2126 I.
1148 2091 1189 2126 B.
1208 2091 1364 2124 Cetelere'o‘
1378 2090 1523 2124 Monam.
1542 2089 1639 2125 Ecel.
1665 2090 1734 2125 Vet.
1754 2090 1813 2123 Gr.
1828 2095 1901 2124 tom.
1916 2090 1991 2130 III,

441 2153 475 2220 f.
490 2140 574 2172 559.
590 2142 638 2183 (et
652 2152 711 2173 om.
727 2139 771 2179 h.)
789 2138 895 2171 virtus
912 2137 1066 2180 (Amab.
1118 2136 1169 2172 13.
1195 2136 1348 2179 flagrans
1368 2136 1548 2170 Cotelerius
1566 2137 1588 2170 l.
1608 2137 1629 2171 l.
1681 2135 1732 2169 14.
1749 2135 1805 2170 Hii
1822 2135 1889 2170 Ba.
1939 2134 1990 2170 15.
2050 2186 2052 2192 Ι

460 2186 569 2220 §aiam
587 2186 661 2218 abe.
685 2184 817 2229 Ubique.
885 2184 934 2217 16.
959 2182 1069 2218 sancti
1085 2180 1289 2227 mysterium
1304 2183 1349 2217 A.
1425 2181 1475 2216 17.
1492 2185 1531 2216 ut
1547 2193 1607 2216 om.
1624 2181 1769 2224 (A)abe.

445 2324 497 2356 ml
516 2321 624 2367 ἀφελεῖ
641 2321 695 2360 τὰς
714 2319 846 2365 ἀνομίας
865 2333 922 2352 σου
943 2320 994 2353 καὶ
1012 2320 1066 2359 τὰς
1082 2320 1185 2365 ἁμαρ-
1254 2320 1433 2354 Petavium
1454 2319 1581 2364 Dogm.
1599 2317 1717 2353 Theol.
1738 2318 1778 2353 de
1795 2318 1937 2365 Angelis
1952 2317 1992 2353 H.

446 2370 512 2408 τίσις
531 2381 588 2401 σου
606 2366 855 2411 πεοικαθαριεῖ.”
903 2367 977 2409 (F.)
1255 2366 1286 2399 3.
1335 2365 1410 2407 (F.)

490 2427 517 2449 c.
541 2401 681 2457 Putant]
699 2413 831 2446 Priores
846 2411 939 2445 editt.
955 2418 1022 2452 aut,
1041 2416 1072 2445 et
1086 2424 1185 2446 mox:

449 2462 549 2501 „Cum
572 2460 627 2492 liic
653 2461 692 2492 de
717 2458 883 2491 Cherubin.
908 2464 967 2489 emt
986 2458 1188 2502 ›Serastlrinf'

447 2511 463 2549 (
464 2507 497 2539 F
498 2507 570 2540 abr.
571 2510 587 2547 )

492 2553 523 2585 d.
549 2550 732 2592 edixerint]
751 2549 811 2582 Est
826 2549 884 2592 qui
896 2549 993 2581 malit
1008 2550 1187 2590 eluxerunt,

448 2598 507 2633 sed
523 2597 609 2631 nihil
624 2595 839 2629 mutandum.
889 2594 963 2635 (F.)

1302 2445 1335 2479 g.
1361 2433 1541 2479 Seraphim
1549 2433 1656 2467 virtus
1672 2433 1777 2478 ignea
1791 2433 1992 2479 peragrans]

1260 2571 1449 2605 Cotelerius
1461 2569 1517 2604 III.
1531 2571 1746 2604 Monument.

493 2656 521 2677 e.
547 2641 771 2688 quadriformi
787 2640 928 2682 virtute]
964 2639 1048 2673 Vide
1062 2650 1090 2674 e.
1114 2640 1186 2675 149.

448 2693 466 2732 (
466 2690 500 2722 F
499 2690 571 2723 abr.
573 2692 589 2729 )

492 2735 516 2768 f.
535 2733 718 2768 Cherubim
730 2731 906 2776 plenitudo
920 2730 1097 2773 scientiae]
1112 2730 1188 2764 Phi-

448 2781 519 2816 loni
539 2792 571 2825 p.
592 2778 667 2812 668.
710 2776 923 2821 ,,Ἒπίγν(,)σις
949 2776 1001 2808 καὶ
1030 2774 1187 2821 ἐπιστήμη

450 2825 558 2867 πολλή
584 2829 617 2858 et
638 2816 761 2866 πλῆθος
786 2822 968 2867 γνώσεως,”
1008 2821 1189 2855 Anastasio

450 2872 603 2905 Sinaitae
625 2868 702 2905 XII.
724 2869 882 2912 Anagog.
907 2867 1130 2911 Contemplat.
1153 2868 1189 2900 111

450 2917 691 2952 Hexaemeron
707 2926 739 2959 p.
761 2913 811 2947 13.
851 2913 1017 2957 Dionysio
1043 2913 1083 2946 de
1107 2912 1188 2946 Cae-

451 2963 531 2998 lesti
547 2959 722 2996 Hierarch.
739 2959 831 3004 χύσις
850 2958 974 3003 σοφίας,
994 2962 1027 2991 et
1044 2957 1188 3002 Chryso-

454 3012 565 3042 stomo
583 3006 725 3041 homilia
740 3004 771 3039 3.
797 3005 833 3037 in
849 3004 1043 3037 Anomoeos
1068 3003 1189 3045 πεπλη-

456 3053 573 3098 Θημένη
592 3053 720 3097 γνῶσις,
735 3050 874 3094 Origeni
885 3076 892 3090 ‚
909 3050 1056 3091 Hieron„
1072 3050 1190 3093 Augu-

457 3099 546 3133 stino
564 3102 598 3132 et
613 3098 689 3132 aliis
707 3098 868 3130 scientiae
886 3096 1066 3129 multitudo.
1106 3094 1190 3128 Vide

1256 2663 1657 2707 Seraphimincendentes
1669 2663 1722 2695 vel
1733 2663 1899 2696 ardentes.
1914 2661 1993 2695 Dio-

1258 2708 1356 2753 nysio
1381 2706 1572 2753 ἐμπρησταί,
1597 2706 1724 2761 Cyrillo
1746 2707 1844 2742 Alex.
1867 2705 1993 2752 θερμαί-

1258 2765 1380 2795 νοντες,
1405 2752 1652 2796 Chrysostomo
1684 2750 1812 2798 ἔμπυρα
1835 2753 1992 2798 στόματα,
2048 2764 2052 2768 ·

1257 2799 1405 2833 Eusebio
1429 2797 1500 2833 VH.
1528 2798 1556 2831 1.
1606 2798 1802 2834 Demonstr.
1831 2797 1992 2842 Evangel.

1260 2843 1343 2890 ἀρχὴ
1374 2844 1535 2889 στόματος
1564 2842 1682 2876 αὐτῶν.
1721 2844 1808 2877 Aliis
1830 2843 1994 2888 πνεύματα

1259 2888 1464 2934 ἀνιστάμενα,
1489 2888 1564 2922 vide
1580 2889 1828 2934 Hieronymum
1851 2888 1992 2923 Mareia·

1258 2936 1335 2970 naei
1351 2935 1388 2969 Τ.
1407 2934 1437 2968 2.
1454 2945 1488 2980 p.
1506 2933 1581 2967 266.
1629 2934 1704 2977 (F.)
1973 2933 1978 2936 “

1302 3003 1335 3038 h.
1362 3003 1519 3037 dominus
1536 3002 1579 3036 ad
1596 3003 1777 3050 quosdam]
1801 2996 2003 3047 Discipulos

1259 3061 1338 3083 suos
1354 3048 1437 3083 Luc.
1453 3047 1580 3082 XXIV.
1599 3048 1653 3084 25.
1697 3047 1766 3091 ,Ὠ
1789 3046 1920 3091 ἀνόητοι
1939 3044 1990 3080 καὶ

1260 3095 1387 3139 βραδεῖς
1403 3096 1440 3138 τῇ
1458 3093 1606 3139 καρδίᾳ.”
1652 3093 1728 3136 (F.)
1969 3098 1972 3102 ’

1868 1998 1899 2032 9.
1916 2008 1991 2044 pro·
2027 1999 2029 2004 ’

1256 2480 1391 2514 Nomen
1411 2479 1591 2524 Seraphim
1612 2479 1649 2512 in
1670 2479 1770 2513 editis
1791 2480 1882 2514 male
1904 2479 1994 2513 exci-
2045 2507 2047 2523 2

1259 2526 1364 2567 derat,
1383 2525 1473 2570 quod
1488 2525 1739 2559 restituendum
1754 2529 1846 2559 reete
1861 2525 1995 2559 monuit
2043 2545 2046 2559 .

1759 2582 1793 2616 p.
1807 2570 1884 2605 559.
1901 2570 1993 2604 Idem
2043 2578 2045 2599 ³

1257 2629 1317 2662 pro
1321 2616 1609 2661 perayranslegit
1613 2617 1779 2660 flayrarzS.
1786 2616 1993 2660 Hieronymo
2042 2626 2045 2655 3
