2052 3342
416 224 496 265 230
1073 221 1290 246 rusum-irio.

417 323 623 367 succurri?
654 324 696 366 Si
719 325 829 366 enim
849 324 950 367 haee
971 337 1047 367 nec
1068 325 1264 380 prodesse
1284 325 1517 367 volentibus
1537 338 1615 368 nec
1636 326 1779 368 obesse
1801 324 1945 368 nolen-

418 395 525 435 tibus
548 395 749 448 incipiant
770 392 904 445 credi,
933 394 1156 435 cessabunt
1177 395 1314 435 omnia
1342 393 1408 434 dei
1437 393 1694 435 sacerdotum
1724 393 1881 446 studia,
1908 398 1949 434 et

419 464 608 503 universa
637 463 886 502 monitorum
916 461 1164 502 adminicula
1195 476 1302 503 vana
1331 462 1580 503 videbuntur
1612 476 1701 503 esse
1733 463 1946 515 figmenta:

416 535 537 585 atque
560 532 615 571 ita
637 532 917 584 unusquisque
939 532 1023 571 suis
1046 531 1123 570 erit
1146 530 1253 571 vitiis
1275 534 1520 585 occupatus,
1548 534 1593 571 ut
1613 532 1832 572 criminum
1852 544 1947 571 suo-

416 613 506 640 rum
527 597 842 640 delectationem
864 598 928 639 dei
951 598 1369 654 praedestinationem
1391 599 1617 651 existimet,
1646 603 1687 640 et
1716 597 1769 640 ad
1794 598 1950 640 bonum

416 682 440 707 a
460 667 565 708 malo
588 668 829 718 transitum,
857 680 931 708 nec
953 680 1026 722 per
1047 666 1298 708 sacerdotem
1321 666 1407 719 dei,
1436 680 1511 708 1100
1540 681 1611 722 1101·
1639 669 1950 708 conversionem

417 747 555 787 suam,
577 749 653 776 nec
673 749 745 790 per
767 734 896 788 legem
919 735 1186 787 dominicam,
1209 749 1251 775 se
1273 748 1393 790 posse
1416 736 1600 776 invenire
1623 734 1813 776 confidat.
1845 733 1949 776 Sile-

419 818 517 856 rem,
538 804 680 855 fateor,
702 808 743 844 et
763 817 1024 858 nequaquam
1047 803 1140 845 stilo
1164 807 1428 858 percurrente
1450 805 1530 844 ista
1551 803 1804 858 detegerem,
1830 804 1867 844 si
1886 806 1950 844 to-

416 874 522 913 tiens
543 877 589 913 ut
609 875 793 913 tacerent
813 871 1011 913 admoniti
1033 872 1170 913 saltim
1192 872 1451 913 mediocriter
1468 873 1744 913 contentionis
1760 872 1950 913 3111101111-

416 945 556 996 petum
578 945 891 995 temperassent,
913 954 995 982 non
1017 942 1141 981 etiam
1163 939 1356 981 audacter
1378 939 1453 981 sub
1474 940 1693 993 Augustini
1714 940 1880 981 nomine
1900 938 1950 980 li-

419 1010 511 1051 bros
534 1009 725 1060 ederent,
755 1010 1058 1063 01301·111101·11111
1089 1022 1252 1050 suorum
1284 1009 1427 1049 iaculis
1458 1008 1645 1050 membra
1665 1006 1951 1050 immaculatae

416 1079 560 1119 matris
590 1080 754 1118 nostrae
787 1076 984 1118 ecclesiae
1017 1075 1293 1118 vulnerarent.
1353 1077 1449 1126 Quis
1485 1076 1593 1118 filius
1626 1080 1803 1118 matrem
1837 1089 1953 1117 suam

418 1145 531 1187 caedi
560 1159 644 1186 non
674 1143 835 1185 doleat?
864 1146 955 1198 quis
983 1145 1233 1197 genetricem
1262 1159 1378 1186 suam
1408 1144 1616 1186 vulnerari
1646 1158 1730 1186 non
1759 1142 1952 1200 plangat?

416 1215 480 1256 An
503 1214 731 1255 tacebimus
755 1212 820 1253 illa
846 1211 1083 1253 laborante?
1115 1213 1196 1254 Sed
1218 1213 1427 1254 silentium
1456 1218 1641 1254 nostrum
1671 1216 1808 1254 reatus
1830 1212 1951 1255 doce—

416 1283 540 1334 bitur,
561 1285 601 1322 et
623 1281 884 1323 taciturnitas
907 1281 1112 1322 videbitur
1134 1295 1223 1322 esse
1247 1295 1485 1322 consensus.
1532 1282 1663 1331 Quam
1684 1282 1794 1323 enim
1814 1285 1859 1322 tu
1879 1295 1952 1337 pa-

419 1351 605 1392 tientiam
626 1349 919 1390 taciturnitatis
941 1355 1075 1404 11111113,
1096 1350 1201 1390 hano
1228 1349 1331 1391 alius
1354 1349 1650 1391 conscientiam
1670 1349 1954 1405 perversitatis

418 1420 644 1467 existimatg
668 1419 907 1473 praesertim
929 1419 962 1457 si
986 1423 1026 1458 et
1047 1419 1132 1473 11130
1155 1423 1313 1469 taceas,
1343 1422 1383 1459 et
1403 1432 1517 1470 eum,
1545 1417 1614 1473 qui
1640 1417 1752 1472 loqui
1779 1417 1955 1460 voluerit

418 1502 489 1543 pro
513 1487 752 1528 defensione
776 1486 920 1527 matris
952 1487 1201 1539 communis,
1230 1487 1400 1527 forsitan
1428 1485 1546 1527 silere
1577 1485 1822 1541 compellas:
1862 1500 1955 1528 cum

417 1561 578 1612 tempus
600 1555 763 1596 tacendi
785 1560 825 1596 et
846 1559 1007 1609 teinpus
1029 1554 1222 1609 loquendi
1245 1556 1286 1595 in
1307 1554 1349 1595 id
1378 1556 1580 1610 sapientia
1602 1554 1741 1596 divina
1761 1556 1953 1596 institue-

417 1626 483 1678 rit,
502 1628 550 1666 ut
569 1627 609 1665 et
629 1623 831 1665 modestia
852 1624 894 1664 in
917 1622 1100 1675 silentio,
1132 1627 1171 1663 et
1192 1623 1294 1664 ratio
1317 1627 1426 1664 esset
1445 1624 1488 1663 in
1509 1622 1656 1673 verb03
1678 1637 1729 1664 ne
1750 1622 1859 1664 ultra
1877 1622 1952 1665 ho-
2005 1661 2011 1664 .

417 1694 588 1735 nestatis
610 1692 831 1733 terminum
857 1691 1140 1746 unusquisque
1168 1691 1351 1744 linguam
1376 1691 1442 1732 vel
1471 1694 1678 1747 promeret
1696 1691 1762 1732 vel
1781 1695 1955 1745 teneret,

418 1766 607 1815 essetque
619 1761 845 1815 loquacitas
857 1759 1090 1815 importuna
1102 1764 1171 1800 aut
1182 1760 1442 1801 taciturnitas
1456 1759 1662 1802 obstinata
1671 1791 1682 1813 ,
1694 1773 1787 1801 011111
1794 1763 1953 1802 utrum-

419 1844 496 1885 que
517 1831 677 1871 veniret
698 1831 740 1870 in
762 1830 928 1880 vitium,
956 1828 1067 1883 loqui
1094 1828 1199 1869 velle
1231 1842 1323 1869 cum
1348 1842 1430 1870 non
1461 1828 1632 1881 debeas,
1661 1832 1702 1869 et
1725 1827 1834 1870 nolle
1861 1842 1955 1871 cum

419 1898 584 1940 debeas.
616 1897 732 1938 Istud
752 1898 875 1950 igitur
896 1898 937 1937 in
960 1896 1202 1938 alterutrum
1224 1897 1453 1938 custodisse
1474 1896 1617 1938 habita
1632 1898 1789 1938 ratione
1804 1896 1953 1952 perdo-

420 1980 511 2020 ceo,
540 1979 633 2008 cum
655 1969 796 2007 contra
823 1965 975 2006 librum
1001 1967 1123 2006 matri
1152 1965 1349 2007 ecclesiae
1370 1965 1612 2006 tendentem
1630 1965 1803 2007 insidias
1825 1965 1955 2007 divini

419 2037 499 2076 oris
521 2048 635 2076 arma
657 2034 849 2089 corripio,
879 2038 919 2074 et
939 2038 984 2074 ut
1006 2033 1145 2075 Goliae
1169 2047 1217 2075 ex
1239 2049 1311 2075 suo
1335 2034 1501 2076 sibimet
1521 2033 1656 2088 gladio
1679 2033 1890 2075 confidens
1911 2034 1955 2075 in

420 2103 583 2145 domino
607 2104 693 2144 eius
716 2104 920 2144 cervicem
948 2102 1129 2144 abscido.
1181 2103 1256 2153 Qui
1284 2103 1414 2143 tristis
1443 2102 1586 2155 fuerit,
1617 2116 1689 2143 suo
1719 2103 1835 2156 quasi
1861 2115 1953 2143 mus

418 2171 613 2227 prodetur
632 2170 807 2223 indicio,
831 2184 923 2211 cum
946 2173 1007 2211 3111
1029 2185 1235 2211 murmure
1256 2171 1527 2212 Philistaeum
1554 2184 1596 2212 se
1618 2184 1708 2212 esse
1731 2169 1952 2211 detexerit:

418 2253 582 2282 mecum
609 2244 748 2280 autem
775 2239 1045 2292 gratulabitur
1073 2241 1205 2281 omnis
1237 2241 1306 2293 qui
1335 2239 1564 2295 allophylus
1592 2253 1676 2280 non
1703 2242 1777 2280 est.
1826 2238 1954 2292 Igitur

421 2322 514 2351 cum
535 2307 707 2350 sollicite
732 2306 901 2360 celatur,
924 2312 964 2347 01
986 2308 1142 2349 occulte
1165 2307 1326 2362 legitur,
1349 2312 1390 2349 01
1411 2311 1530 2350 caute
1553 2307 1840 2361 conscribitur,
1863 2310 1953 2348 tan-

421 2376 515 2419 dem
536 2375 775 2431 aliquando,
802 2390 883 2417 non
905 2380 991 2416 tam
1012 2376 1145 2417 editus
1168 2390 1290 2431 quam
1313 2376 1610 2432 deprehensus,
1639 2375 1691 2417 ad
1710 2389 1858 2417 manus
1879 2390 1953 2417 no-

420 2449 526 2488 stras
546 2446 734 2500 pervenit
754 2444 859 2485 liber
881 2445 949 2498 qui
965 2445 1240 2498 Augustinum
1256 2446 1454 2486 mentitur
1470 2447 1513 2486 in
1529 2443 1661 2496 titulo,
1685 2458 1779 2485 cum
1795 2457 1839 2485 se
1854 2443 1952 2484 hae-

420 2515 596 2556 reticum
617 2513 807 2554 ostendat
827 2514 870 2553 in
890 2516 1018 2553 textu.
1070 2514 1167 2563 Quis
1196 2515 1306 2555 enim
1332 2515 1490 2554 nesciat
1509 2513 1788 2566 Augustinum
1816 2511 1953 2554 ortho-

422 2582 573 2624 doxum
594 2595 755 2637 semper
775 2581 900 2622 fuisse
923 2581 1145 2633 doctorem,
1166 2586 1206 2622 et
1226 2586 1312 2623 tam
1333 2581 1548 2623 scribendo
1566 2594 1689 2634 quam
1706 2579 1953 2636 disputando

422 2650 612 2693 omnibus
633 2646 851 2691 haereticis
874 2648 1085 2691 obviasse?
1115 2650 1309 2691 Volentes
1331 2664 1423 2703 ergo
1444 2649 1658 2690 inimicum
1678 2649 1775 2690 fidei
1790 2652 1953 2690 nostrae

421 2721 528 2761 inter
548 2719 692 2760 fratres
716 2718 863 2772 dogma
882 2718 1075 2759 inducere
1099 2718 1345 2760 catholicum
1366 2717 1679 2773 supraliminare
1700 2717 1795 2758 libri
1817 2718 1881 2758 sui
1900 2717 1952 2757 ti-

420 2786 555 2829 tulum
574 2791 812 2843 posuerunt.
864 2787 939 2837 Qui
960 2786 1082 2838 liber,
1102 2786 1215 2827 velut
1235 2787 1469 2842 sepulcrum
1490 2785 1670 2839 foetens,
1698 2800 1722 2826 a
1742 2786 1840 2827 foris
1861 2784 1951 2839 qui-

424 2855 518 2898 dem
546 2856 766 2909 Augustini
795 2857 960 2896 nomine
997 2854 1232 2908 dealbatur,
1266 2857 1378 2896 intus
1408 2868 1504 2896 vero
1540 2855 1712 2895 scaturit
1744 2852 1952 2895 vermibus

422 2928 688 2967 mortuorum.
725 2923 844 2964 Hune
865 2923 1018 2965 librum
1037 2923 1256 2977 aliquando
1279 2923 1360 2965 sibi
1381 2923 1563 2964 oblatum
1582 2922 1844 2964 beatissimae
1864 2934 1950 2961 me-

423 2993 576 3035 moriae
597 3005 782 3034 summus
802 2993 986 3047 pontifex
1007 2991 1262 3033 Caelestinus
1282 2993 1342 3033 ita
1356 2991 1608 3032 execrationi
1622 2990 1780 3043 habuit,
1798 2992 1844 3030 ut
1859 3002 1952 3030 eum

424 3065 619 3116 perpetuo
639 3059 800 3102 iuberet
820 3059 1004 3101 damnari
1024 3059 1199 3101 silentio.
1244 3059 1300 3101 Eo
1320 3059 1450 3112 magis
1470 3058 1770 3101 haeretieorum
1789 3058 1949 3099 animus
