<?xml version="1.0" encoding="UTF-8"?>
<!DOCTYPE html PUBLIC "-//W3C//DTD XHTML 1.0 Transitional//EN"
    "http://www.w3.org/TR/xhtml1/DTD/xhtml1-transitional.dtd">
<html xmlns="http://www.w3.org/1999/xhtml" xml:lang="en" lang="en">
 <head>
  <title>
</title>
<meta http-equiv="Content-Type" content="text/html;charset=utf-8" />
  <meta name='ocr-system' content='tesseract 3.04.00' />
  <meta name='ocr-capabilities' content='ocr_page ocr_carea ocr_par ocr_line ocrx_word'/>
</head>
<body>
  <div class='ocr_page' id='page_1' title='image "./corporishaereseo01epipuoft_0299.png"; bbox 0 0 2052 3374; ppageno 0'>
   <div class='ocr_carea' id='block_1_1' title="bbox 500 249 1625 289">
    <p class='ocr_par' dir='ltr' id='par_1_1' title="bbox 500 249 1625 289">
     <span class='ocr_line' id='line_1_1' title="bbox 500 249 1625 289; baseline -0.001 -12"><span class='ocrx_word' id='word_1_1' title='bbox 500 252 613 277; x_wconf 79' lang='lat' dir='ltr'>LIBER</span> <span class='ocrx_word' id='word_1_2' title='bbox 631 252 823 277; x_wconf 72' lang='lat' dir='ltr'>ADVERSUS</span> <span class='ocrx_word' id='word_1_3' title='bbox 843 251 969 277; x_wconf 83' lang='lat' dir='ltr'>OMNES</span> <span class='ocrx_word' id='word_1_4' title='bbox 988 250 1192 277; x_wconf 73' lang='lat' dir='ltr'>HAERESES.</span> <span class='ocrx_word' id='word_1_5' title='bbox 1547 249 1625 289; x_wconf 56' lang='lat'>2¹27</span> 
     </span>
    </p>
   </div>
   <div class='ocr_carea' id='block_1_2' title="bbox 76 353 1631 2198">
    <p class='ocr_par' dir='ltr' id='par_1_2' title="bbox 76 353 1630 1223">
     <span class='ocr_line' id='line_1_2' title="bbox 159 353 1627 412; baseline -0.004 -13"><span class='ocrx_word' id='word_1_6' title='bbox 159 357 253 401; x_wconf 87' lang='lat' dir='ltr'>Non</span> <span class='ocrx_word' id='word_1_7' title='bbox 281 357 501 400; x_wconf 86' lang='lat' dir='ltr'>defuerunt</span> <span class='ocrx_word' id='word_1_8' title='bbox 531 360 625 412; x_wconf 89' lang='lat' dir='ltr'>post</span> <span class='ocrx_word' id='word_1_9' title='bbox 651 356 727 398; x_wconf 89' lang='grc'>1103</span> <span class='ocrx_word' id='word_1_10' title='bbox 748 356 911 398; x_wconf 85' lang='lat' dir='ltr'>Marcus</span> <span class='ocrx_word' id='word_1_11' title='bbox 935 355 1103 410; x_wconf 87' lang='lat' dir='ltr'>quidam</span> <span class='ocrx_word' id='word_1_12' title='bbox 1124 358 1166 396; x_wconf 90' lang='lat' dir='ltr'>et</span> <span class='ocrx_word' id='word_1_13' title='bbox 1186 353 1446 407; x_wconf 85' lang='lat' dir='ltr'>Colarbasus,</span> <span class='ocrx_word' id='word_1_14' title='bbox 1475 366 1627 395; x_wconf 85' lang='lat' dir='ltr'>novam</span> 
     </span>
     <span class='ocr_line' id='line_1_3' title="bbox 76 423 1626 481; baseline -0.004 -13"><span class='ocrx_word' id='word_1_15' title='bbox 76 427 281 468; x_wconf 81' lang='lat' dir='ltr'>haeresim</span> <span class='ocrx_word' id='word_1_16' title='bbox 302 439 353 467; x_wconf 80' lang='lat' dir='ltr'>ex</span> <span class='ocrx_word' id='word_1_17' title='bbox 375 426 624 467; x_wconf 87' lang='lat' dir='ltr'>Graecorum</span> <span class='ocrx_word' id='word_1_18' title='bbox 646 425 865 481; x_wconf 89' lang='lat' dir='ltr'>alphabeto</span> <span class='ocrx_word' id='word_1_19' title='bbox 889 427 1194 479; x_wconf 75' lang='lat' dir='ltr'>componentes.</span> <span class='ocrx_word' id='word_1_20' title='bbox 1240 423 1404 477; x_wconf 82' lang='lat' dir='ltr'>Negant</span> <span class='ocrx_word' id='word_1_21' title='bbox 1424 423 1536 463; x_wconf 88' lang='lat' dir='ltr'>enim</span> <span class='ocrx_word' id='word_1_22' title='bbox 1555 435 1626 462; x_wconf 87' lang='lat' dir='ltr'>ve-</span> 
     </span>
     <span class='ocr_line' id='line_1_4' title="bbox 77 490 1629 549; baseline -0.004 -12"><span class='ocrx_word' id='word_1_23' title='bbox 77 497 244 537; x_wconf 76' lang='lat' dir='ltr'>ritatem</span> <span class='ocrx_word' id='word_1_24' title='bbox 265 495 354 536; x_wconf 85' lang='lat' dir='ltr'>sine</span> <span class='ocrx_word' id='word_1_25' title='bbox 376 495 468 536; x_wconf 87' lang='lat' dir='ltr'>istis</span> <span class='ocrx_word' id='word_1_26' title='bbox 489 507 612 549; x_wconf 76' lang='lat' dir='ltr'>posse</span> <span class='ocrx_word' id='word_1_27' title='bbox 634 494 783 535; x_wconf 87' lang='lat' dir='ltr'>litteris</span> <span class='ocrx_word' id='word_1_28' title='bbox 805 494 996 547; x_wconf 86' lang='lat' dir='ltr'>inveniri,</span> <span class='ocrx_word' id='word_1_29' title='bbox 1026 494 1151 534; x_wconf 91' lang='lat' dir='ltr'>immo</span> <span class='ocrx_word' id='word_1_30' title='bbox 1174 495 1304 533; x_wconf 86' lang='lat' dir='ltr'>totam</span> <span class='ocrx_word' id='word_1_31' title='bbox 1324 490 1629 546; x_wconf 80' lang='lat' dir='ltr'>plenitudinem</span> 
     </span>
     <span class='ocr_line' id='line_1_5' title="bbox 79 560 1630 619; baseline -0.003 -14"><span class='ocrx_word' id='word_1_32' title='bbox 79 568 120 605; x_wconf 90' lang='lat' dir='ltr'>et</span> <span class='ocrx_word' id='word_1_33' title='bbox 139 563 438 619; x_wconf 82' lang='lat' dir='ltr'>perfectionem</span> <span class='ocrx_word' id='word_1_34' title='bbox 459 564 646 604; x_wconf 83' lang='lat' dir='ltr'>veritatis</span> <span class='ocrx_word' id='word_1_35' title='bbox 668 563 712 604; x_wconf 90' lang='lat' dir='ltr'>in</span> <span class='ocrx_word' id='word_1_36' title='bbox 732 563 824 603; x_wconf 83' lang='lat' dir='ltr'>istis</span> <span class='ocrx_word' id='word_1_37' title='bbox 852 562 1001 602; x_wconf 88' lang='lat' dir='ltr'>litteris</span> <span class='ocrx_word' id='word_1_38' title='bbox 1030 575 1121 602; x_wconf 87' lang='lat' dir='ltr'>esse</span> <span class='ocrx_word' id='word_1_39' title='bbox 1151 561 1406 616; x_wconf 83' lang='lat' dir='ltr'>dispositam.</span> <span class='ocrx_word' id='word_1_40' title='bbox 1456 560 1630 615; x_wconf 87' lang='lat' dir='ltr'>Propter</span> 
     </span>
     <span class='ocr_line' id='line_1_6' title="bbox 78 629 1629 684; baseline -0.003 -11"><span class='ocrx_word' id='word_1_41' title='bbox 78 632 184 674; x_wconf 89' lang='lat' dir='ltr'>hanc</span> <span class='ocrx_word' id='word_1_42' title='bbox 206 631 318 673; x_wconf 84' lang='lat' dir='ltr'>enim</span> <span class='ocrx_word' id='word_1_43' title='bbox 347 643 514 672; x_wconf 84' lang='lat' dir='ltr'>causam</span> <span class='ocrx_word' id='word_1_44' title='bbox 537 631 747 672; x_wconf 84' lang='lat' dir='ltr'>Christum</span> <span class='ocrx_word' id='word_1_45' title='bbox 774 630 950 683; x_wconf 75' lang='lat' dir='ltr'>dixisse,</span> <span class='ocrx_word' id='word_1_46' title='bbox 979 630 1084 684; x_wconf 80' lang='lat' dir='ltr'>1Eg0</span> <span class='ocrx_word' id='word_1_47' title='bbox 1114 643 1205 670; x_wconf 89' lang='lat' dir='ltr'>sum</span> <span class='ocrx_word' id='word_1_48' title='bbox 1234 633 1259 666; x_wconf 74' lang='grc' dir='ltr'>Α</span> <span class='ocrx_word' id='word_1_49' title='bbox 1286 633 1327 669; x_wconf 90' lang='lat' dir='ltr'>et</span> <span class='ocrx_word' id='word_1_50' title='bbox 1354 633 1393 666; x_wconf 85' lang='grc' dir='ltr'>Ω.</span> <span class='ocrx_word' id='word_1_51' title='bbox 1441 629 1629 683; x_wconf 85' lang='lat' dir='ltr'>Denique</span> 
     </span>
     <span class='ocr_line' id='line_1_7' title="bbox 79 697 1629 752; baseline -0.002 -11"><span class='ocrx_word' id='word_1_52' title='bbox 79 701 217 742; x_wconf 90' lang='lat' dir='ltr'>Iesum</span> <span class='ocrx_word' id='word_1_53' title='bbox 238 699 451 741; x_wconf 87' lang='lat' dir='ltr'>Christum</span> <span class='ocrx_word' id='word_1_54' title='bbox 473 699 761 752; x_wconf 75' lang='lat' dir='ltr'>descendisse,</span> <span class='ocrx_word' id='word_1_55' title='bbox 788 699 831 740; x_wconf 89' lang='lat' dir='ltr'>id</span> <span class='ocrx_word' id='word_1_56' title='bbox 859 703 924 740; x_wconf 89' lang='lat' dir='ltr'>est</span> <span class='ocrx_word' id='word_1_57' title='bbox 951 697 1186 740; x_wconf 78' lang='lat' dir='ltr'>columbam</span> <span class='ocrx_word' id='word_1_58' title='bbox 1213 700 1256 739; x_wconf 92' lang='lat' dir='ltr'>in</span> <span class='ocrx_word' id='word_1_59' title='bbox 1277 699 1415 739; x_wconf 90' lang='lat' dir='ltr'>Iesum</span> <span class='ocrx_word' id='word_1_60' title='bbox 1443 699 1629 748; x_wconf 77' lang='lat' dir='ltr'>venisse3</span> 
     </span>
     <span class='ocr_line' id='line_1_8' title="bbox 80 765 1629 825; baseline -0.002 -15"><span class='ocrx_word' id='word_1_61' title='bbox 80 782 184 824; x_wconf 89' lang='lat' dir='ltr'>quae</span> <span class='ocrx_word' id='word_1_62' title='bbox 207 769 363 810; x_wconf 86' lang='lat' dir='ltr'>Graeco</span> <span class='ocrx_word' id='word_1_63' title='bbox 391 770 559 810; x_wconf 90' lang='lat' dir='ltr'>nomine</span> <span class='ocrx_word' id='word_1_64' title='bbox 589 782 682 810; x_wconf 90' lang='lat' dir='ltr'>cum</span> <span class='ocrx_word' id='word_1_65' title='bbox 708 767 919 825; x_wconf 60' lang='grc' dir='ltr'>περιστεραὶ</span> <span class='ocrx_word' id='word_1_66' title='bbox 946 768 1256 823; x_wconf 73' lang='lat' dir='ltr'>pronuntietur,</span> <span class='ocrx_word' id='word_1_67' title='bbox 1284 767 1437 808; x_wconf 86' lang='lat' dir='ltr'>habere</span> <span class='ocrx_word' id='word_1_68' title='bbox 1464 765 1629 807; x_wconf 79' lang='lat' dir='ltr'>2secum</span> 
     </span>
     <span class='ocr_line' id='line_1_9' title="bbox 79 835 1629 890; baseline -0.002 -12"><span class='ocrx_word' id='word_1_69' title='bbox 79 851 299 879; x_wconf 90' lang='lat' dir='ltr'>numerum</span> <span class='ocrx_word' id='word_1_70' title='bbox 318 835 489 879; x_wconf 82' lang='lat' dir='ltr'>DCCCL</span> <span class='ocrx_word' id='word_1_71' title='bbox 520 838 772 878; x_wconf 76' lang='lat' dir='ltr'>Pei-currunt</span> <span class='ocrx_word' id='word_1_72' title='bbox 790 837 861 877; x_wconf 91' lang='lat' dir='ltr'>isti</span> <span class='ocrx_word' id='word_1_73' title='bbox 886 845 932 889; x_wconf 81' lang='grc' dir='ltr'>Ω,</span> <span class='ocrx_word' id='word_1_74' title='bbox 951 845 1006 890; x_wconf 77' lang='grc' dir='ltr'>Ψ,</span> <span class='ocrx_word' id='word_1_75' title='bbox 1025 846 1068 889; x_wconf 78' lang='lat' dir='ltr'>X,</span> <span class='ocrx_word' id='word_1_76' title='bbox 1087 845 1131 889; x_wconf 75' lang='grc' dir='ltr'>Φ,</span> <span class='ocrx_word' id='word_1_77' title='bbox 1150 845 1186 889; x_wconf 77' lang='grc' dir='ltr'>Υ,</span> <span class='ocrx_word' id='word_1_78' title='bbox 1206 845 1243 889; x_wconf 75' lang='grc' dir='ltr'>Τ,</span> <span class='ocrx_word' id='word_1_79' title='bbox 1277 839 1410 877; x_wconf 88' lang='lat' dir='ltr'>totum</span> <span class='ocrx_word' id='word_1_80' title='bbox 1429 849 1559 889; x_wconf 85' lang='lat' dir='ltr'>usque</span> <span class='ocrx_word' id='word_1_81' title='bbox 1578 835 1629 876; x_wconf 83' lang='lat' dir='ltr'>ad</span> 
     </span>
     <span class='ocr_line' id='line_1_10' title="bbox 78 904 1629 961; baseline -0.001 -16"><span class='ocrx_word' id='word_1_82' title='bbox 78 911 114 957; x_wconf 80' lang='lat' dir='ltr'>A,</span> <span class='ocrx_word' id='word_1_83' title='bbox 131 911 168 956; x_wconf 91' lang='lat' dir='ltr'>B,</span> <span class='ocrx_word' id='word_1_84' title='bbox 193 909 235 947; x_wconf 88' lang='lat' dir='ltr'>et</span> <span class='ocrx_word' id='word_1_85' title='bbox 255 909 497 961; x_wconf 91' lang='lat' dir='ltr'>computant</span> <span class='ocrx_word' id='word_1_86' title='bbox 519 905 724 959; x_wconf 83' lang='lat' dir='ltr'>ogdoadas</span> <span class='ocrx_word' id='word_1_87' title='bbox 747 909 788 946; x_wconf 91' lang='lat' dir='ltr'>et</span> <span class='ocrx_word' id='word_1_88' title='bbox 810 904 1001 946; x_wconf 86' lang='lat' dir='ltr'>decadas.</span> <span class='ocrx_word' id='word_1_89' title='bbox 1047 904 1111 945; x_wconf 89' lang='lat' dir='ltr'>Ita</span> <span class='ocrx_word' id='word_1_90' title='bbox 1131 904 1276 944; x_wconf 84' lang='lat' dir='ltr'>afferre</span> <span class='ocrx_word' id='word_1_91' title='bbox 1298 904 1464 945; x_wconf 90' lang='lat' dir='ltr'>illorum</span> <span class='ocrx_word' id='word_1_92' title='bbox 1485 918 1629 945; x_wconf 89' lang='lat' dir='ltr'>omnes</span> 
     </span>
     <span class='ocr_line' id='line_1_11' title="bbox 79 972 1629 1030; baseline -0.002 -14"><span class='ocrx_word' id='word_1_93' title='bbox 79 976 286 1017; x_wconf 84' lang='lat' dir='ltr'>vanitates</span> <span class='ocrx_word' id='word_1_94' title='bbox 309 978 350 1015; x_wconf 89' lang='lat' dir='ltr'>et</span> <span class='ocrx_word' id='word_1_95' title='bbox 368 976 558 1030; x_wconf 89' lang='lat' dir='ltr'>ineptum</span> <span class='ocrx_word' id='word_1_96' title='bbox 580 976 635 1015; x_wconf 90' lang='lat' dir='ltr'>sit</span> <span class='ocrx_word' id='word_1_97' title='bbox 656 977 697 1015; x_wconf 92' lang='lat' dir='ltr'>et</span> <span class='ocrx_word' id='word_1_98' title='bbox 717 975 908 1015; x_wconf 89' lang='lat' dir='ltr'>otiosum.</span> <span class='ocrx_word' id='word_1_99' title='bbox 955 972 1071 1023; x_wconf 83' lang='lat' dir='ltr'>Quod</span> <span class='ocrx_word' id='word_1_100' title='bbox 1093 976 1235 1013; x_wconf 89' lang='lat' dir='ltr'>tamen</span> <span class='ocrx_word' id='word_1_101' title='bbox 1256 987 1340 1014; x_wconf 92' lang='lat' dir='ltr'>non</span> <span class='ocrx_word' id='word_1_102' title='bbox 1361 976 1525 1014; x_wconf 90' lang='lat' dir='ltr'>tantum</span> <span class='ocrx_word' id='word_1_103' title='bbox 1546 974 1629 1013; x_wconf 88' lang='lat' dir='ltr'>iam</span> 
     </span>
     <span class='ocr_line' id='line_1_12' title="bbox 81 1040 1629 1097; baseline -0.003 -11"><span class='ocrx_word' id='word_1_104' title='bbox 81 1057 254 1096; x_wconf 83' lang='lat' dir='ltr'>vanum,</span> <span class='ocrx_word' id='word_1_105' title='bbox 281 1042 357 1084; x_wconf 87' lang='lat' dir='ltr'>sed</span> <span class='ocrx_word' id='word_1_106' title='bbox 378 1044 503 1084; x_wconf 89' lang='lat' dir='ltr'>etiam</span> <span class='ocrx_word' id='word_1_107' title='bbox 522 1042 803 1097; x_wconf 89' lang='lat' dir='ltr'>periculosum</span> <span class='ocrx_word' id='word_1_108' title='bbox 832 1043 907 1094; x_wconf 90' lang='lat' dir='ltr'>sit,</span> <span class='ocrx_word' id='word_1_109' title='bbox 934 1041 1112 1082; x_wconf 86' lang='lat' dir='ltr'>alterum</span> <span class='ocrx_word' id='word_1_110' title='bbox 1141 1040 1264 1082; x_wconf 89' lang='lat' dir='ltr'>deum</span> <span class='ocrx_word' id='word_1_111' title='bbox 1285 1042 1447 1095; x_wconf 83' lang='lat' dir='ltr'>fingunt</span> <span class='ocrx_word' id='word_1_112' title='bbox 1466 1045 1629 1097; x_wconf 86' lang='lat' dir='ltr'>praeter</span> 
     </span>
     <span class='ocr_line' id='line_1_13' title="bbox 83 1097 1630 1165; baseline -0.002 -12"><span class='ocrx_word' id='word_1_113' title='bbox 83 1116 333 1165; x_wconf 85' lang='lat' dir='ltr'>creatorem,</span> <span class='ocrx_word' id='word_1_114' title='bbox 367 1111 576 1152; x_wconf 89' lang='lat' dir='ltr'>Christum</span> <span class='ocrx_word' id='word_1_115' title='bbox 604 1112 648 1152; x_wconf 89' lang='lat' dir='ltr'>in</span> <span class='ocrx_word' id='word_1_116' title='bbox 677 1111 911 1152; x_wconf 83' lang='lat' dir='ltr'>substantia</span> <span class='ocrx_word' id='word_1_117' title='bbox 937 1114 1091 1164; x_wconf 81' lang='lat' dir='ltr'>negant</span> <span class='ocrx_word' id='word_1_118' title='bbox 1125 1111 1260 1152; x_wconf 87' lang='lat' dir='ltr'>carnis</span> <span class='ocrx_word' id='word_1_119' title='bbox 1289 1097 1438 1163; x_wconf 84' lang='lat' dir='ltr'>fuisse,</span> <span class='ocrx_word' id='word_1_120' title='bbox 1476 1114 1630 1163; x_wconf 81' lang='lat' dir='ltr'>negant</span> 
     </span>
     <span class='ocr_line' id='line_1_14' title="bbox 84 1180 800 1223; baseline -0.004 0"><span class='ocrx_word' id='word_1_121' title='bbox 84 1181 220 1223; x_wconf 89' lang='lat' dir='ltr'>carnis</span> <span class='ocrx_word' id='word_1_122' title='bbox 241 1181 586 1222; x_wconf 87' lang='lat' dir='ltr'>resurrectionem</span> <span class='ocrx_word' id='word_1_123' title='bbox 608 1180 800 1220; x_wconf 80' lang='lat' dir='ltr'>futuram.</span> 
     </span>
    </p>

    <p class='ocr_par' dir='ltr' id='par_1_3' title="bbox 78 1246 1631 1922">
     <span class='ocr_line' id='line_1_15' title="bbox 167 1246 1631 1302; baseline -0.002 -11"><span class='ocrx_word' id='word_1_124' title='bbox 167 1248 342 1291; x_wconf 80' lang='lat' dir='ltr'>Accedit</span> <span class='ocrx_word' id='word_1_125' title='bbox 361 1248 426 1289; x_wconf 91' lang='grc'>1113</span> <span class='ocrx_word' id='word_1_126' title='bbox 448 1247 610 1290; x_wconf 73' lang='lat' dir='ltr'>Cei-don</span> <span class='ocrx_word' id='word_1_127' title='bbox 639 1248 819 1302; x_wconf 85' lang='lat' dir='ltr'>quidam.</span> <span class='ocrx_word' id='word_1_128' title='bbox 870 1248 946 1289; x_wconf 87' lang='lat' dir='ltr'>Hic</span> <span class='ocrx_word' id='word_1_129' title='bbox 973 1247 1201 1289; x_wconf 87' lang='lat' dir='ltr'>introducit</span> <span class='ocrx_word' id='word_1_130' title='bbox 1226 1247 1345 1288; x_wconf 84' lang='lat' dir='ltr'>initia</span> <span class='ocrx_word' id='word_1_131' title='bbox 1371 1247 1469 1300; x_wconf 84' lang='lat' dir='ltr'>duo,</span> <span class='ocrx_word' id='word_1_132' title='bbox 1497 1246 1540 1288; x_wconf 90' lang='lat' dir='ltr'>id</span> <span class='ocrx_word' id='word_1_133' title='bbox 1569 1251 1631 1288; x_wconf 89' lang='lat' dir='ltr'>est</span> 
     </span>
     <span class='ocr_line' id='line_1_16' title="bbox 85 1316 1630 1371; baseline -0.003 -11"><span class='ocrx_word' id='word_1_134' title='bbox 85 1318 188 1360; x_wconf 87' lang='lat' dir='ltr'>duos</span> <span class='ocrx_word' id='word_1_135' title='bbox 209 1317 323 1370; x_wconf 80' lang='lat' dir='ltr'>deos,</span> <span class='ocrx_word' id='word_1_136' title='bbox 352 1330 482 1358; x_wconf 91' lang='lat' dir='ltr'>unum</span> <span class='ocrx_word' id='word_1_137' title='bbox 508 1317 665 1358; x_wconf 89' lang='lat' dir='ltr'>bonum</span> <span class='ocrx_word' id='word_1_138' title='bbox 688 1321 728 1358; x_wconf 89' lang='lat' dir='ltr'>et</span> <span class='ocrx_word' id='word_1_139' title='bbox 756 1317 932 1357; x_wconf 82' lang='lat' dir='ltr'>alterum</span> <span class='ocrx_word' id='word_1_140' title='bbox 962 1330 1151 1369; x_wconf 81' lang='lat' dir='ltr'>saevum,</span> <span class='ocrx_word' id='word_1_141' title='bbox 1178 1316 1333 1357; x_wconf 88' lang='lat' dir='ltr'>bonum</span> <span class='ocrx_word' id='word_1_142' title='bbox 1361 1317 1630 1371; x_wconf 87' lang='lat' dir='ltr'>superiorem,</span> 
     </span>
     <span class='ocr_line' id='line_1_17' title="bbox 85 1385 1631 1441; baseline -0.002 -13"><span class='ocrx_word' id='word_1_143' title='bbox 85 1400 258 1429; x_wconf 86' lang='lat' dir='ltr'>saevum</span> <span class='ocrx_word' id='word_1_144' title='bbox 276 1385 388 1427; x_wconf 84' lang='lat' dir='ltr'>hunc</span> <span class='ocrx_word' id='word_1_145' title='bbox 409 1386 554 1427; x_wconf 89' lang='lat' dir='ltr'>mundi</span> <span class='ocrx_word' id='word_1_146' title='bbox 577 1390 815 1427; x_wconf 83' lang='lat' dir='ltr'>creatorem.</span> <span class='ocrx_word' id='word_1_147' title='bbox 857 1386 933 1426; x_wconf 88' lang='lat' dir='ltr'>Hic</span> <span class='ocrx_word' id='word_1_148' title='bbox 955 1385 1192 1441; x_wconf 86' lang='lat' dir='ltr'>prophetias</span> <span class='ocrx_word' id='word_1_149' title='bbox 1215 1389 1256 1426; x_wconf 90' lang='lat' dir='ltr'>et</span> <span class='ocrx_word' id='word_1_150' title='bbox 1275 1385 1408 1439; x_wconf 79' lang='lat' dir='ltr'>legem</span> <span class='ocrx_word' id='word_1_151' title='bbox 1429 1385 1631 1440; x_wconf 84' lang='lat' dir='ltr'>repudiat,</span> 
     </span>
     <span class='ocr_line' id='line_1_18' title="bbox 87 1453 1628 1509; baseline -0.002 -12"><span class='ocrx_word' id='word_1_152' title='bbox 87 1455 162 1498; x_wconf 89' lang='lat' dir='ltr'>deo</span> <span class='ocrx_word' id='word_1_153' title='bbox 184 1455 356 1497; x_wconf 88' lang='lat' dir='ltr'>creatori</span> <span class='ocrx_word' id='word_1_154' title='bbox 377 1454 609 1508; x_wconf 83' lang='lat' dir='ltr'>renuntiat,</span> <span class='ocrx_word' id='word_1_155' title='bbox 637 1454 861 1509; x_wconf 88' lang='lat' dir='ltr'>superioris</span> <span class='ocrx_word' id='word_1_156' title='bbox 888 1453 953 1495; x_wconf 89' lang='lat' dir='ltr'>dei</span> <span class='ocrx_word' id='word_1_157' title='bbox 981 1454 1110 1495; x_wconf 88' lang='lat' dir='ltr'>filium</span> <span class='ocrx_word' id='word_1_158' title='bbox 1132 1454 1340 1495; x_wconf 86' lang='lat' dir='ltr'>Christum</span> <span class='ocrx_word' id='word_1_159' title='bbox 1360 1455 1524 1496; x_wconf 77' lang='lat' dir='ltr'>venisse</span> <span class='ocrx_word' id='word_1_160' title='bbox 1546 1458 1628 1494; x_wconf 80' lang='lat' dir='ltr'>tra-</span> 
     </span>
     <span class='ocr_line' id='line_1_19' title="bbox 87 1523 1629 1578; baseline -0.002 -12"><span class='ocrx_word' id='word_1_161' title='bbox 87 1527 191 1578; x_wconf 84' lang='lat' dir='ltr'>ctat,</span> <span class='ocrx_word' id='word_1_162' title='bbox 219 1523 330 1565; x_wconf 86' lang='lat' dir='ltr'>hunc</span> <span class='ocrx_word' id='word_1_163' title='bbox 351 1524 395 1564; x_wconf 89' lang='lat' dir='ltr'>in</span> <span class='ocrx_word' id='word_1_164' title='bbox 423 1523 656 1565; x_wconf 86' lang='lat' dir='ltr'>substantia</span> <span class='ocrx_word' id='word_1_165' title='bbox 678 1524 812 1564; x_wconf 85' lang='lat' dir='ltr'>carnis</span> <span class='ocrx_word' id='word_1_166' title='bbox 835 1528 976 1576; x_wconf 77' lang='lat' dir='ltr'>negat,</span> <span class='ocrx_word' id='word_1_167' title='bbox 1007 1524 1050 1563; x_wconf 93' lang='lat' dir='ltr'>in</span> <span class='ocrx_word' id='word_1_168' title='bbox 1077 1523 1365 1578; x_wconf 81' lang='lat' dir='ltr'>phantasmate</span> <span class='ocrx_word' id='word_1_169' title='bbox 1393 1523 1479 1564; x_wconf 91' lang='lat' dir='ltr'>solo</span> <span class='ocrx_word' id='word_1_170' title='bbox 1501 1524 1629 1564; x_wconf 86' lang='lat' dir='ltr'>fuisse</span> 
     </span>
     <span class='ocr_line' id='line_1_20' title="bbox 78 1591 1628 1650; baseline -0.002 -15"><span class='ocrx_word' id='word_1_171' title='bbox 78 1593 340 1650; x_wconf 82' lang='lat' dir='ltr'>pronuntiat,</span> <span class='ocrx_word' id='word_1_172' title='bbox 367 1605 444 1633; x_wconf 87' lang='lat' dir='ltr'>nec</span> <span class='ocrx_word' id='word_1_173' title='bbox 467 1593 604 1634; x_wconf 93' lang='lat' dir='ltr'>omnio</span> <span class='ocrx_word' id='word_1_174' title='bbox 626 1605 816 1647; x_wconf 87' lang='lat' dir='ltr'>passum,</span> <span class='ocrx_word' id='word_1_175' title='bbox 848 1591 920 1632; x_wconf 87' lang='lat' dir='ltr'>sed</span> <span class='ocrx_word' id='word_1_176' title='bbox 943 1592 1061 1646; x_wconf 90' lang='lat' dir='ltr'>quasi</span> <span class='ocrx_word' id='word_1_177' title='bbox 1080 1606 1270 1647; x_wconf 86' lang='lat' dir='ltr'>passum,</span> <span class='ocrx_word' id='word_1_178' title='bbox 1298 1606 1373 1634; x_wconf 92' lang='lat' dir='ltr'>nec</span> <span class='ocrx_word' id='word_1_179' title='bbox 1403 1606 1453 1633; x_wconf 75' lang='lat' dir='ltr'>ex</span> <span class='ocrx_word' id='word_1_180' title='bbox 1473 1593 1628 1645; x_wconf 81' lang='lat' dir='ltr'>virgine</span> 
     </span>
     <span class='ocr_line' id='line_1_21' title="bbox 79 1659 1627 1715; baseline -0.002 -11"><span class='ocrx_word' id='word_1_181' title='bbox 79 1666 243 1715; x_wconf 86' lang='lat' dir='ltr'>natum,</span> <span class='ocrx_word' id='word_1_182' title='bbox 272 1659 347 1702; x_wconf 89' lang='lat' dir='ltr'>sed</span> <span class='ocrx_word' id='word_1_183' title='bbox 369 1662 535 1703; x_wconf 91' lang='lat' dir='ltr'>omnino</span> <span class='ocrx_word' id='word_1_184' title='bbox 562 1673 639 1701; x_wconf 87' lang='lat' dir='ltr'>nec</span> <span class='ocrx_word' id='word_1_185' title='bbox 661 1664 816 1701; x_wconf 88' lang='lat' dir='ltr'>natum.</span> <span class='ocrx_word' id='word_1_186' title='bbox 868 1661 1229 1702; x_wconf 85' lang='lat' dir='ltr'>Resurrectionem</span> <span class='ocrx_word' id='word_1_187' title='bbox 1257 1663 1417 1702; x_wconf 80' lang='lat' dir='ltr'>animae</span> <span class='ocrx_word' id='word_1_188' title='bbox 1445 1664 1627 1702; x_wconf 84' lang='lat' dir='ltr'>tantum-</span> 
     </span>
     <span class='ocr_line' id='line_1_22' title="bbox 78 1729 1627 1786; baseline -0.003 -12"><span class='ocrx_word' id='word_1_189' title='bbox 78 1729 202 1774; x_wconf 86' lang='lat' dir='ltr'>modo</span> <span class='ocrx_word' id='word_1_190' title='bbox 222 1730 384 1786; x_wconf 86' lang='lat' dir='ltr'>probat,</span> <span class='ocrx_word' id='word_1_191' title='bbox 406 1731 588 1785; x_wconf 89' lang='lat' dir='ltr'>corporis</span> <span class='ocrx_word' id='word_1_192' title='bbox 610 1733 746 1782; x_wconf 82' lang='lat' dir='ltr'>negat.</span> <span class='ocrx_word' id='word_1_193' title='bbox 779 1729 921 1770; x_wconf 82' lang='lat' dir='ltr'>Solum</span> <span class='ocrx_word' id='word_1_194' title='bbox 942 1729 1199 1783; x_wconf 77' lang='lat' dir='ltr'>evangelium</span> <span class='ocrx_word' id='word_1_195' title='bbox 1220 1729 1368 1783; x_wconf 84' lang='lat' dir='ltr'>Lucae,</span> <span class='ocrx_word' id='word_1_196' title='bbox 1391 1743 1468 1770; x_wconf 85' lang='lat' dir='ltr'>nec</span> <span class='ocrx_word' id='word_1_197' title='bbox 1489 1734 1627 1771; x_wconf 86' lang='lat' dir='ltr'>tamen</span> 
     </span>
     <span class='ocr_line' id='line_1_23' title="bbox 80 1797 1628 1854; baseline -0.001 -13"><span class='ocrx_word' id='word_1_198' title='bbox 80 1803 214 1842; x_wconf 90' lang='lat' dir='ltr'>totum</span> <span class='ocrx_word' id='word_1_199' title='bbox 233 1799 394 1853; x_wconf 90' lang='lat' dir='ltr'>recipit.</span> <span class='ocrx_word' id='word_1_200' title='bbox 443 1797 633 1853; x_wconf 87' lang='lat' dir='ltr'>Apostoli</span> <span class='ocrx_word' id='word_1_201' title='bbox 653 1797 772 1839; x_wconf 86' lang='lat' dir='ltr'>Pauli</span> <span class='ocrx_word' id='word_1_202' title='bbox 802 1811 935 1852; x_wconf 86' lang='lat' dir='ltr'>neque</span> <span class='ocrx_word' id='word_1_203' title='bbox 964 1812 1105 1840; x_wconf 86' lang='lat' dir='ltr'>omnes</span> <span class='ocrx_word' id='word_1_204' title='bbox 1134 1812 1267 1853; x_wconf 83' lang='lat' dir='ltr'>neque</span> <span class='ocrx_word' id='word_1_205' title='bbox 1296 1803 1402 1840; x_wconf 86' lang='lat' dir='ltr'>totas</span> <span class='ocrx_word' id='word_1_206' title='bbox 1432 1799 1628 1854; x_wconf 79' lang='lat' dir='ltr'>epistolas</span> 
     </span>
     <span class='ocr_line' id='line_1_24' title="bbox 81 1866 1480 1922; baseline -0.001 -13"><span class='ocrx_word' id='word_1_207' title='bbox 81 1869 220 1910; x_wconf 89' lang='lat' dir='ltr'>sumit.</span> <span class='ocrx_word' id='word_1_208' title='bbox 270 1867 376 1909; x_wconf 88' lang='lat' dir='ltr'>Acta</span> <span class='ocrx_word' id='word_1_209' title='bbox 395 1866 686 1922; x_wconf 86' lang='lat' dir='ltr'>Apostolorum</span> <span class='ocrx_word' id='word_1_210' title='bbox 710 1870 750 1907; x_wconf 88' lang='lat' dir='ltr'>et</span> <span class='ocrx_word' id='word_1_211' title='bbox 770 1866 1065 1922; x_wconf 75' lang='lat' dir='ltr'>Apocalypsim</span> <span class='ocrx_word' id='word_1_212' title='bbox 1087 1869 1203 1922; x_wconf 86' lang='lat' dir='ltr'>quasi</span> <span class='ocrx_word' id='word_1_213' title='bbox 1226 1867 1329 1909; x_wconf 81' lang='lat' dir='ltr'>falsa</span> <span class='ocrx_word' id='word_1_214' title='bbox 1350 1869 1480 1909; x_wconf 91' lang='lat' dir='ltr'>reicit.</span> 
     </span>
    </p>

    <p class='ocr_par' dir='ltr' id='par_1_4' title="bbox 80 1935 1627 2198">
     <span class='ocr_line' id='line_1_25' title="bbox 164 1935 1627 1991; baseline 0 -13"><span class='ocrx_word' id='word_1_215' title='bbox 164 1936 265 1978; x_wconf 83' lang='lat' dir='ltr'>Post</span> <span class='ocrx_word' id='word_1_216' title='bbox 290 1935 401 1976; x_wconf 91' lang='lat' dir='ltr'>hunc</span> <span class='ocrx_word' id='word_1_217' title='bbox 429 1935 656 1991; x_wconf 89' lang='lat' dir='ltr'>discipulus</span> <span class='ocrx_word' id='word_1_218' title='bbox 687 1936 818 1990; x_wconf 84' lang='lat' dir='ltr'>ipsius</span> <span class='ocrx_word' id='word_1_219' title='bbox 845 1937 1014 1977; x_wconf 89' lang='lat' dir='ltr'>emersit</span> <span class='ocrx_word' id='word_1_220' title='bbox 1041 1936 1223 1978; x_wconf 88' lang='lat' dir='ltr'>Marcion</span> <span class='ocrx_word' id='word_1_221' title='bbox 1251 1936 1419 1991; x_wconf 87' lang='lat' dir='ltr'>quidam</span> <span class='ocrx_word' id='word_1_222' title='bbox 1446 1938 1627 1991; x_wconf 72' lang='lat' dir='ltr'>nomine,</span> 
     </span>
     <span class='ocr_line' id='line_1_26' title="bbox 80 2004 1626 2060; baseline -0.001 -12"><span class='ocrx_word' id='word_1_223' title='bbox 80 2005 278 2048; x_wconf 89' lang='lat' dir='ltr'>Ponticus</span> <span class='ocrx_word' id='word_1_224' title='bbox 299 2017 462 2058; x_wconf 84' lang='lat' dir='ltr'>genere,</span> <span class='ocrx_word' id='word_1_225' title='bbox 485 2004 669 2059; x_wconf 87' lang='lat' dir='ltr'>episcopi</span> <span class='ocrx_word' id='word_1_226' title='bbox 690 2004 813 2057; x_wconf 86' lang='lat' dir='ltr'>filius,</span> <span class='ocrx_word' id='word_1_227' title='bbox 834 2008 999 2060; x_wconf 86' lang='lat' dir='ltr'>propter</span> <span class='ocrx_word' id='word_1_228' title='bbox 1020 2009 1209 2060; x_wconf 87' lang='lat' dir='ltr'>stuprum</span> <span class='ocrx_word' id='word_1_229' title='bbox 1226 2005 1441 2047; x_wconf 86' lang='lat' dir='ltr'>cuiusdam</span> <span class='ocrx_word' id='word_1_230' title='bbox 1455 2008 1626 2060; x_wconf 79' lang='lat' dir='ltr'>virginis</span> 
     </span>
     <span class='ocr_line' id='line_1_27' title="bbox 82 2073 1625 2130; baseline 0 -14"><span class='ocrx_word' id='word_1_231' title='bbox 82 2074 133 2116; x_wconf 87' lang='lat' dir='ltr'>ab</span> <span class='ocrx_word' id='word_1_232' title='bbox 156 2073 355 2116; x_wconf 88' lang='lat' dir='ltr'>ecclesiae</span> <span class='ocrx_word' id='word_1_233' title='bbox 378 2073 752 2114; x_wconf 84' lang='lat' dir='ltr'>communicatione</span> <span class='ocrx_word' id='word_1_234' title='bbox 774 2073 972 2115; x_wconf 85' lang='lat' dir='ltr'>abiectus.</span> <span class='ocrx_word' id='word_1_235' title='bbox 1021 2074 1098 2115; x_wconf 90' lang='lat' dir='ltr'>Hic</span> <span class='ocrx_word' id='word_1_236' title='bbox 1129 2088 1178 2115; x_wconf 77' lang='lat' dir='ltr'>ex</span> <span class='ocrx_word' id='word_1_237' title='bbox 1210 2076 1426 2116; x_wconf 85' lang='lat' dir='ltr'>occasione</span> <span class='ocrx_word' id='word_1_238' title='bbox 1456 2089 1536 2130; x_wconf 84' lang='lat' dir='ltr'>qua</span> <span class='ocrx_word' id='word_1_239' title='bbox 1564 2075 1625 2117; x_wconf 89' lang='lat' dir='ltr'>di-</span> 
     </span>
     <span class='ocr_line' id='line_1_28' title="bbox 83 2140 1627 2198; baseline 0 -13"><span class='ocrx_word' id='word_1_240' title='bbox 83 2146 197 2185; x_wconf 86' lang='lat' dir='ltr'>ctum</span> <span class='ocrx_word' id='word_1_241' title='bbox 216 2143 284 2195; x_wconf 89' lang='lat' dir='ltr'>sit,</span> <span class='ocrx_word' id='word_1_242' title='bbox 306 2140 472 2183; x_wconf 87' lang='lat' dir='ltr'>¹Omnis</span> <span class='ocrx_word' id='word_1_243' title='bbox 489 2142 610 2182; x_wconf 87' lang='lat' dir='ltr'>arbor</span> <span class='ocrx_word' id='word_1_244' title='bbox 628 2141 735 2183; x_wconf 89' lang='lat' dir='ltr'>bona</span> <span class='ocrx_word' id='word_1_245' title='bbox 755 2141 884 2183; x_wconf 90' lang='lat' dir='ltr'>bonos</span> <span class='ocrx_word' id='word_1_246' title='bbox 901 2142 1058 2184; x_wconf 88' lang='lat' dir='ltr'>fructus</span> <span class='ocrx_word' id='word_1_247' title='bbox 1075 2143 1186 2197; x_wconf 88' lang='lat' dir='ltr'>facit,</span> <span class='ocrx_word' id='word_1_248' title='bbox 1206 2143 1314 2185; x_wconf 85' lang='lat' dir='ltr'>mala</span> <span class='ocrx_word' id='word_1_249' title='bbox 1329 2148 1467 2185; x_wconf 86' lang='lat' dir='ltr'>autem</span> <span class='ocrx_word' id='word_1_250' title='bbox 1483 2144 1627 2198; x_wconf 86' lang='lat' dir='ltr'>malos,</span> 
     </span>
    </p>
   </div>
   <div class='ocr_carea' id='block_1_3' title="bbox 81 2209 1626 2334">
    <p class='ocr_par' dir='ltr' id='par_1_5' title="bbox 81 2209 1626 2334">
     <span class='ocr_line' id='line_1_29' title="bbox 81 2209 1626 2268; baseline 0.001 -15"><span class='ocrx_word' id='word_1_251' title='bbox 81 2211 288 2253; x_wconf 89' lang='lat' dir='ltr'>haeresim</span> <span class='ocrx_word' id='word_1_252' title='bbox 308 2209 505 2250; x_wconf 91' lang='lat' dir='ltr'>Cerdonis</span> <span class='ocrx_word' id='word_1_253' title='bbox 527 2211 754 2265; x_wconf 86' lang='lat' dir='ltr'>approbare</span> <span class='ocrx_word' id='word_1_254' title='bbox 784 2214 955 2252; x_wconf 89' lang='lat' dir='ltr'>conatus</span> <span class='ocrx_word' id='word_1_255' title='bbox 984 2215 1066 2265; x_wconf 88' lang='lat' dir='ltr'>est,</span> <span class='ocrx_word' id='word_1_256' title='bbox 1093 2210 1158 2253; x_wconf 70' lang='lat' dir='ltr'>2et</span> <span class='ocrx_word' id='word_1_257' title='bbox 1184 2212 1328 2255; x_wconf 87' lang='lat' dir='ltr'>eadem</span> <span class='ocrx_word' id='word_1_258' title='bbox 1359 2213 1494 2255; x_wconf 89' lang='lat' dir='ltr'>dicere</span> <span class='ocrx_word' id='word_1_259' title='bbox 1523 2227 1626 2268; x_wconf 83' lang='lat' dir='ltr'>quac</span> 
     </span>
     <span class='ocr_line' id='line_1_30' title="bbox 82 2277 921 2334; baseline -0.001 -13"><span class='ocrx_word' id='word_1_260' title='bbox 82 2279 153 2321; x_wconf 89' lang='lat' dir='ltr'>ille</span> <span class='ocrx_word' id='word_1_261' title='bbox 174 2279 360 2334; x_wconf 90' lang='lat' dir='ltr'>superior</span> <span class='ocrx_word' id='word_1_262' title='bbox 379 2277 613 2319; x_wconf 88' lang='lat' dir='ltr'>haereticus</span> <span class='ocrx_word' id='word_1_263' title='bbox 635 2283 728 2320; x_wconf 86' lang='lat' dir='ltr'>ante</span> <span class='ocrx_word' id='word_1_264' title='bbox 752 2279 921 2320; x_wconf 87' lang='lat' dir='ltr'>dixerat.</span> 
     </span>
    </p>
   </div>
   <div class='ocr_carea' id='block_1_4' title="bbox 1652 367 1800 400">
    <p class='ocr_par' dir='ltr' id='par_1_6' title="bbox 1652 367 1800 400">
     <span class='ocr_line' id='line_1_31' title="bbox 1652 367 1800 400; baseline -0.007 -8"><span class='ocrx_word' id='word_1_265' title='bbox 1652 367 1717 400; x_wconf 83' lang='lat' dir='ltr'>Cap.</span> <span class='ocrx_word' id='word_1_266' title='bbox 1742 367 1800 391; x_wconf 79' lang='lat' dir='ltr'>XV.</span> 
     </span>
    </p>
   </div>
   <div class='ocr_carea' id='block_1_5' title="bbox 1657 1260 1802 1292">
    <p class='ocr_par' dir='ltr' id='par_1_7' title="bbox 1657 1260 1802 1292">
     <span class='ocr_line' id='line_1_32' title="bbox 1657 1260 1802 1292; baseline -0.014 -7"><span class='ocrx_word' id='word_1_267' title='bbox 1657 1261 1721 1292; x_wconf 58' lang='lat' dir='ltr'>Cap.</span> <span class='ocrx_word' id='word_1_268' title='bbox 1741 1260 1802 1283; x_wconf 75' lang='lat' dir='ltr'>XV!</span> 
     </span>
    </p>
   </div>
   <div class='ocr_carea' id='block_1_6' title="bbox 1653 1947 1812 1979">
    <p class='ocr_par' dir='ltr' id='par_1_8' title="bbox 1653 1947 1812 1979">
     <span class='ocr_line' id='line_1_33' title="bbox 1653 1947 1812 1979; baseline 0.006 -7"><span class='ocrx_word' id='word_1_269' title='bbox 1653 1947 1717 1979; x_wconf 75' lang='lat' dir='ltr'>Cap.</span> <span class='ocrx_word' id='word_1_270' title='bbox 1736 1948 1812 1973; x_wconf 80' lang='lat' dir='ltr'>XVII</span> 
     </span>
    </p>
   </div>
   <div class='ocr_carea' id='block_1_7' title="bbox 165 2346 1825 2403">
    <p class='ocr_par' dir='ltr' id='par_1_9' title="bbox 165 2346 1825 2403">
     <span class='ocr_line' id='line_1_34' title="bbox 165 2346 1825 2403; baseline 0.001 -14"><span class='ocrx_word' id='word_1_271' title='bbox 165 2347 313 2389; x_wconf 83' lang='lat' dir='ltr'>Extitit</span> <span class='ocrx_word' id='word_1_272' title='bbox 331 2350 426 2402; x_wconf 90' lang='lat' dir='ltr'>post</span> <span class='ocrx_word' id='word_1_273' title='bbox 452 2346 561 2388; x_wconf 91' lang='lat' dir='ltr'>hunc</span> <span class='ocrx_word' id='word_1_274' title='bbox 582 2346 771 2389; x_wconf 88' lang='lat' dir='ltr'>Lucanus</span> <span class='ocrx_word' id='word_1_275' title='bbox 800 2348 967 2402; x_wconf 88' lang='lat' dir='ltr'>quidam</span> <span class='ocrx_word' id='word_1_276' title='bbox 994 2351 1182 2403; x_wconf 89' lang='lat' dir='ltr'>nomine,</span> <span class='ocrx_word' id='word_1_277' title='bbox 1208 2350 1427 2393; x_wconf 89' lang='lat' dir='ltr'>Marcionis</span> <span class='ocrx_word' id='word_1_278' title='bbox 1449 2355 1626 2393; x_wconf 88' lang='lat' dir='ltr'>sectator</span> <span class='ocrx_word' id='word_1_279' title='bbox 1651 2366 1825 2399; x_wconf 71' lang='lat' dir='ltr'>eap.xv111</span> 
     </span>
    </p>
   </div>
   <div class='ocr_carea' id='block_1_8' title="bbox 85 2414 1622 2538">
    <p class='ocr_par' dir='ltr' id='par_1_10' title="bbox 85 2414 1622 2538">
     <span class='ocr_line' id='line_1_35' title="bbox 85 2414 1622 2476; baseline 0.003 -18"><span class='ocrx_word' id='word_1_280' title='bbox 85 2419 208 2472; x_wconf 87' lang='lat' dir='ltr'>atque</span> <span class='ocrx_word' id='word_1_281' title='bbox 231 2415 474 2471; x_wconf 82' lang='lat' dir='ltr'>discipuluS,</span> <span class='ocrx_word' id='word_1_282' title='bbox 495 2420 537 2456; x_wconf 88' lang='lat' dir='ltr'>et</span> <span class='ocrx_word' id='word_1_283' title='bbox 555 2414 622 2457; x_wconf 89' lang='lat' dir='ltr'>hic</span> <span class='ocrx_word' id='word_1_284' title='bbox 644 2429 717 2471; x_wconf 91' lang='lat' dir='ltr'>per</span> <span class='ocrx_word' id='word_1_285' title='bbox 739 2416 882 2458; x_wconf 87' lang='lat' dir='ltr'>eadem</span> <span class='ocrx_word' id='word_1_286' title='bbox 902 2417 1058 2459; x_wconf 88' lang='lat' dir='ltr'>vadens</span> <span class='ocrx_word' id='word_1_287' title='bbox 1080 2419 1362 2476; x_wconf 83' lang='lat' dir='ltr'>blasphemiae</span> <span class='ocrx_word' id='word_1_288' title='bbox 1383 2433 1534 2474; x_wconf 83' lang='lat' dir='ltr'>genera</span> <span class='ocrx_word' id='word_1_289' title='bbox 1556 2434 1622 2462; x_wconf 85' lang='lat' dir='ltr'>ea-</span> 
     </span>
     <span class='ocr_line' id='line_1_36' title="bbox 86 2483 1148 2538; baseline 0.002 -11"><span class='ocrx_word' id='word_1_290' title='bbox 86 2483 180 2527; x_wconf 88' lang='lat' dir='ltr'>dem</span> <span class='ocrx_word' id='word_1_291' title='bbox 201 2484 323 2527; x_wconf 88' lang='lat' dir='ltr'>docet</span> <span class='ocrx_word' id='word_1_292' title='bbox 343 2497 446 2538; x_wconf 87' lang='lat' dir='ltr'>quae</span> <span class='ocrx_word' id='word_1_293' title='bbox 467 2484 648 2525; x_wconf 89' lang='lat' dir='ltr'>Marcion</span> <span class='ocrx_word' id='word_1_294' title='bbox 670 2489 712 2526; x_wconf 92' lang='lat' dir='ltr'>et</span> <span class='ocrx_word' id='word_1_295' title='bbox 732 2484 892 2527; x_wconf 90' lang='lat' dir='ltr'>Cerdon</span> <span class='ocrx_word' id='word_1_296' title='bbox 913 2486 1148 2528; x_wconf 87' lang='lat' dir='ltr'>docuerant.</span> 
     </span>
    </p>
   </div>
   <div class='ocr_carea' id='block_1_9' title="bbox 168 2552 1803 2612">
    <p class='ocr_par' dir='ltr' id='par_1_11' title="bbox 168 2552 1803 2612">
     <span class='ocr_line' id='line_1_37' title="bbox 168 2552 1803 2612; baseline 0.001 -17"><span class='ocrx_word' id='word_1_297' title='bbox 168 2553 269 2595; x_wconf 89' lang='lat' dir='ltr'>Post</span> <span class='ocrx_word' id='word_1_298' title='bbox 286 2552 362 2594; x_wconf 88' lang='lat' dir='ltr'>hos</span> <span class='ocrx_word' id='word_1_299' title='bbox 384 2552 650 2607; x_wconf 88' lang='lat' dir='ltr'>subsequitur</span> <span class='ocrx_word' id='word_1_300' title='bbox 668 2553 848 2609; x_wconf 86' lang='lat' dir='ltr'>Apelles,</span> <span class='ocrx_word' id='word_1_301' title='bbox 870 2554 1096 2611; x_wconf 84' lang='lat' dir='ltr'>discipulus</span> <span class='ocrx_word' id='word_1_302' title='bbox 1116 2556 1350 2610; x_wconf 85' lang='lat' dir='ltr'>Marcionis,</span> <span class='ocrx_word' id='word_1_303' title='bbox 1371 2558 1440 2611; x_wconf 89' lang='lat' dir='ltr'>qui</span> <span class='ocrx_word' id='word_1_304' title='bbox 1459 2561 1623 2612; x_wconf 84' lang='lat' dir='ltr'>postea-</span> <span class='ocrx_word' id='word_1_305' title='bbox 1650 2572 1714 2604; x_wconf 67' lang='grc' dir='ltr'>οη).</span> <span class='ocrx_word' id='word_1_306' title='bbox 1734 2572 1803 2597; x_wconf 59' lang='lat' dir='ltr'>xix.</span> 
     </span>
    </p>
   </div>
   <div class='ocr_carea' id='block_1_10' title="bbox 86 2621 1623 2816">
    <p class='ocr_par' dir='ltr' id='par_1_12' title="bbox 86 2621 1623 2816">
     <span class='ocr_line' id='line_1_38' title="bbox 88 2621 1623 2678; baseline 0.003 -15"><span class='ocrx_word' id='word_1_307' title='bbox 88 2635 212 2678; x_wconf 89' lang='lat' dir='ltr'>quam</span> <span class='ocrx_word' id='word_1_308' title='bbox 231 2622 275 2662; x_wconf 94' lang='lat' dir='ltr'>in</span> <span class='ocrx_word' id='word_1_309' title='bbox 297 2634 463 2663; x_wconf 89' lang='lat' dir='ltr'>carnem</span> <span class='ocrx_word' id='word_1_310' title='bbox 484 2634 602 2662; x_wconf 86' lang='lat' dir='ltr'>suam</span> <span class='ocrx_word' id='word_1_311' title='bbox 622 2621 762 2676; x_wconf 86' lang='lat' dir='ltr'>lapsus</span> <span class='ocrx_word' id='word_1_312' title='bbox 783 2627 865 2675; x_wconf 86' lang='lat' dir='ltr'>est,</span> <span class='ocrx_word' id='word_1_313' title='bbox 893 2636 917 2664; x_wconf 88' lang='lat' dir='ltr'>a</span> <span class='ocrx_word' id='word_1_314' title='bbox 935 2623 1143 2666; x_wconf 86' lang='lat' dir='ltr'>Marcione</span> <span class='ocrx_word' id='word_1_315' title='bbox 1165 2628 1400 2678; x_wconf 82' lang='lat' dir='ltr'>segregatus</span> <span class='ocrx_word' id='word_1_316' title='bbox 1422 2629 1495 2667; x_wconf 89' lang='lat' dir='ltr'>est.</span> <span class='ocrx_word' id='word_1_317' title='bbox 1546 2626 1623 2668; x_wconf 92' lang='lat' dir='ltr'>Hic</span> 
     </span>
     <span class='ocr_line' id='line_1_39' title="bbox 86 2689 1621 2749; baseline 0.003 -17"><span class='ocrx_word' id='word_1_318' title='bbox 86 2689 314 2732; x_wconf 84' lang='lat' dir='ltr'>introducit</span> <span class='ocrx_word' id='word_1_319' title='bbox 331 2703 462 2730; x_wconf 92' lang='lat' dir='ltr'>unum</span> <span class='ocrx_word' id='word_1_320' title='bbox 484 2689 605 2730; x_wconf 88' lang='lat' dir='ltr'>deum</span> <span class='ocrx_word' id='word_1_321' title='bbox 636 2690 831 2732; x_wconf 81' lang='lat' dir='ltr'>¹inf1nitis</span> <span class='ocrx_word' id='word_1_322' title='bbox 859 2692 1137 2747; x_wconf 87' lang='lat' dir='ltr'>superioribus</span> <span class='ocrx_word' id='word_1_323' title='bbox 1159 2693 1357 2747; x_wconf 82' lang='lat' dir='ltr'>partibus.</span> <span class='ocrx_word' id='word_1_324' title='bbox 1408 2693 1528 2734; x_wconf 88' lang='lat' dir='ltr'>Hunc</span> <span class='ocrx_word' id='word_1_325' title='bbox 1549 2709 1621 2749; x_wconf 91' lang='lat' dir='ltr'>po-</span> 
     </span>
     <span class='ocr_line' id='line_1_40' title="bbox 89 2756 1622 2816; baseline 0.002 -16"><span class='ocrx_word' id='word_1_326' title='bbox 89 2761 259 2800; x_wconf 82' lang='lat' dir='ltr'>testates</span> <span class='ocrx_word' id='word_1_327' title='bbox 286 2757 438 2799; x_wconf 88' lang='lat' dir='ltr'>multas</span> <span class='ocrx_word' id='word_1_328' title='bbox 468 2757 715 2812; x_wconf 84' lang='lat' dir='ltr'>angelosque</span> <span class='ocrx_word' id='word_1_329' title='bbox 744 2759 910 2811; x_wconf 84' lang='lat' dir='ltr'>fecisse3</span> <span class='ocrx_word' id='word_1_330' title='bbox 942 2759 1177 2816; x_wconf 82' lang='lat' dir='ltr'>2praeterea</span> <span class='ocrx_word' id='word_1_331' title='bbox 1206 2756 1247 2802; x_wconf 84' lang='lat' dir='ltr'>et</span> <span class='ocrx_word' id='word_1_332' title='bbox 1272 2761 1393 2802; x_wconf 82' lang='lat' dir='ltr'>aliam</span> <span class='ocrx_word' id='word_1_333' title='bbox 1414 2762 1622 2816; x_wconf 83' lang='lat' dir='ltr'>virtutem,</span> 
     </span>
    </p>
   </div>
   <div class='ocr_carea' id='block_1_11' title="bbox 92 2880 1622 2972">
    <p class='ocr_par' dir='ltr' id='par_1_13' title="bbox 92 2880 1622 2972">
     <span class='ocr_line' id='line_1_41' title="bbox 179 2880 1622 2930; baseline 0.004 -15"><span class='ocrx_word' id='word_1_334' title='bbox 179 2880 261 2926; x_wconf 87' lang='lat' dir='ltr'>Cap.</span> <span class='ocrx_word' id='word_1_335' title='bbox 278 2881 354 2915; x_wconf 82' lang='lat' dir='ltr'>XV.</span> <span class='ocrx_word' id='word_1_336' title='bbox 372 2901 415 2906; x_wconf 90' lang='lat'><strong>—</strong></span> <span class='ocrx_word' id='word_1_337' title='bbox 451 2882 477 2915; x_wconf 91' lang='lat'>1.</span> <span class='ocrx_word' id='word_1_338' title='bbox 501 2882 639 2927; x_wconf 86' lang='lat' dir='ltr'>Apocal.</span> <span class='ocrx_word' id='word_1_339' title='bbox 657 2881 680 2914; x_wconf 94' lang='lat'>1.</span> <span class='ocrx_word' id='word_1_340' title='bbox 698 2881 728 2914; x_wconf 72' lang='grc'>8.</span> <span class='ocrx_word' id='word_1_341' title='bbox 750 2882 800 2917; x_wconf 90' lang='grc'>11.</span> <span class='ocrx_word' id='word_1_342' title='bbox 818 2882 914 2919; x_wconf 89' lang='grc' dir='ltr'>ΧΧΙ.</span> <span class='ocrx_word' id='word_1_343' title='bbox 933 2884 963 2917; x_wconf 86' lang='grc'>6.</span> <span class='ocrx_word' id='word_1_344' title='bbox 981 2883 1092 2917; x_wconf 82' lang='lat' dir='ltr'>XXII.</span> <span class='ocrx_word' id='word_1_345' title='bbox 1114 2884 1165 2918; x_wconf 84' lang='lat'>13.</span> <span class='ocrx_word' id='word_1_346' title='bbox 1235 2885 1264 2919; x_wconf 75' lang='lat'>2.</span> <span class='ocrx_word' id='word_1_347' title='bbox 1298 2886 1399 2930; x_wconf 74' lang='lat' dir='ltr'>Vztlyo</span> <span class='ocrx_word' id='word_1_348' title='bbox 1424 2886 1622 2929; x_wconf 86' lang='lat' dir='ltr'>secundum,</span> 
     </span>
     <span class='ocr_line' id='line_1_42' title="bbox 92 2927 643 2972; baseline -0.002 -12"><span class='ocrx_word' id='word_1_349' title='bbox 92 2927 176 2972; x_wconf 82' lang='lat' dir='ltr'>quod</span> <span class='ocrx_word' id='word_1_350' title='bbox 192 2928 379 2960; x_wconf 82' lang='lat' dir='ltr'>emendavit</span> <span class='ocrx_word' id='word_1_351' title='bbox 394 2928 461 2961; x_wconf 74' lang='grc'>[03.</span> <span class='ocrx_word' id='word_1_352' title='bbox 478 2927 643 2970; x_wconf 71' lang='lat' dir='ltr'>Scaliycr.</span> 
     </span>
    </p>
   </div>
   <div class='ocr_carea' id='block_1_12' title="bbox 93 2971 1619 3052">
    <p class='ocr_par' dir='ltr' id='par_1_14' title="bbox 93 2971 1619 3052">
     <span class='ocr_line' id='line_1_43' title="bbox 93 2971 1619 3052; baseline 0.005 -47"><span class='ocrx_word' id='word_1_353' title='bbox 93 3016 170 3052; x_wconf 62' lang='lat' dir='ltr'>dom</span> <span class='ocrx_word' id='word_1_354' title='bbox 179 2971 261 3051; x_wconf 44' lang='lat' dir='ltr'>(gap.</span> <span class='ocrx_word' id='word_1_355' title='bbox 276 2972 393 3051; x_wconf 81' lang='lat' dir='ltr'>eXVII.</span> <span class='ocrx_word' id='word_1_356' title='bbox 412 2992 455 2998; x_wconf 83' lang='lat'><em>—</em></span> <span class='ocrx_word' id='word_1_357' title='bbox 483 2973 510 3008; x_wconf 93' lang='lat' dir='ltr'>l.</span> <span class='ocrx_word' id='word_1_358' title='bbox 527 2972 647 3008; x_wconf 83' lang='lat' dir='ltr'>Matth.</span> <span class='ocrx_word' id='word_1_359' title='bbox 665 2971 735 3008; x_wconf 87' lang='lat' dir='ltr'>VII.</span> <span class='ocrx_word' id='word_1_360' title='bbox 758 2973 807 3008; x_wconf 86' lang='lat'>17.</span> <span class='ocrx_word' id='word_1_361' title='bbox 877 2974 906 3009; x_wconf 75' lang='grc'>2.</span> <span class='ocrx_word' id='word_1_362' title='bbox 932 2975 989 3008; x_wconf 77' lang='lat' dir='ltr'>Ita</span> <span class='ocrx_word' id='word_1_363' title='bbox 1005 2976 1165 3019; x_wconf 66' lang='lat' dir='ltr'>suppleri.</span> <span class='ocrx_word' id='word_1_364' title='bbox 1207 2976 1308 3021; x_wconf 70' lang='lat' dir='ltr'>Vulqo</span> <span class='ocrx_word' id='word_1_365' title='bbox 1326 2980 1485 3022; x_wconf 77' lang='lat' dir='ltr'>scriptum</span> <span class='ocrx_word' id='word_1_366' title='bbox 1504 2984 1551 3011; x_wconf 76' lang='lat' dir='ltr'>cst</span> <span class='ocrx_word' id='word_1_367' title='bbox 1566 2989 1619 3012; x_wconf 82' lang='lat' dir='ltr'>ca-</span> 
     </span>
     <span class='ocr_line' id='line_1_44' title="bbox 239 3029 305 3052; baseline -0.015 0"><span class='ocrx_word' id='word_1_368' title='bbox 239 3029 274 3052; x_wconf 87' lang='lat' dir='ltr'>er</span> <span class='ocrx_word' id='word_1_369' title='bbox 297 3044 305 3051; x_wconf 91' lang='lat'>.</span> 
     </span>
    </p>
   </div>
   <div class='ocr_carea' id='block_1_13' title="bbox 94 3061 1617 3155">
    <p class='ocr_par' dir='ltr' id='par_1_15' title="bbox 94 3061 1617 3155">
     <span class='ocr_line' id='line_1_45' title="bbox 181 3061 1617 3108; baseline 0.003 -11"><span class='ocrx_word' id='word_1_370' title='bbox 181 3061 262 3108; x_wconf 78' lang='lat' dir='ltr'>Cap.</span> <span class='ocrx_word' id='word_1_371' title='bbox 279 3062 376 3098; x_wconf 84' lang='lat' dir='ltr'>XIX.</span> <span class='ocrx_word' id='word_1_372' title='bbox 394 3084 435 3089; x_wconf 89' lang='lat'>—</span> <span class='ocrx_word' id='word_1_373' title='bbox 463 3064 490 3098; x_wconf 90' lang='lat' dir='ltr'>l.</span> <span class='ocrx_word' id='word_1_374' title='bbox 513 3063 637 3097; x_wconf 83' lang='lat' dir='ltr'>infiniti</span> <span class='ocrx_word' id='word_1_375' title='bbox 663 3063 721 3096; x_wconf 81' lang='lat' dir='ltr'>Fr.</span> <span class='ocrx_word' id='word_1_376' title='bbox 746 3064 872 3099; x_wconf 74' lang='lat' dir='ltr'>Iam&#39;us.</span> <span class='ocrx_word' id='word_1_377' title='bbox 896 3065 931 3099; x_wconf 79' lang='lat' dir='ltr'>in</span> <span class='ocrx_word' id='word_1_378' title='bbox 955 3065 1095 3100; x_wconf 81' lang='lat' dir='ltr'>infinitis</span> <span class='ocrx_word' id='word_1_379' title='bbox 1120 3067 1150 3102; x_wconf 89' lang='lat' dir='ltr'>I.</span> <span class='ocrx_word' id='word_1_380' title='bbox 1169 3067 1216 3102; x_wconf 81' lang='lat' dir='ltr'>M.</span> <span class='ocrx_word' id='word_1_381' title='bbox 1235 3068 1352 3103; x_wconf 66' lang='lat' dir='ltr'>lioutlc.</span> <span class='ocrx_word' id='word_1_382' title='bbox 1422 3068 1452 3103; x_wconf 70' lang='lat'>2.</span> <span class='ocrx_word' id='word_1_383' title='bbox 1478 3069 1535 3102; x_wconf 83' lang='lat' dir='ltr'>Ita</span> <span class='ocrx_word' id='word_1_384' title='bbox 1559 3069 1617 3106; x_wconf 77' lang='lat' dir='ltr'>Fr.</span> 
     </span>
     <span class='ocr_line' id='line_1_46' title="bbox 94 3107 865 3155; baseline 0.005 -15"><span class='ocrx_word' id='word_1_385' title='bbox 94 3107 210 3143; x_wconf 66' lang='lat' dir='ltr'>Iunius</span> <span class='ocrx_word' id='word_1_386' title='bbox 225 3115 257 3143; x_wconf 86' lang='lat' dir='ltr'>et</span> <span class='ocrx_word' id='word_1_387' title='bbox 271 3109 337 3144; x_wconf 74' lang='lat' dir='ltr'>Ios.</span> <span class='ocrx_word' id='word_1_388' title='bbox 353 3109 518 3153; x_wconf 69' lang='lat' dir='ltr'>Scaliqer.</span> <span class='ocrx_word' id='word_1_389' title='bbox 561 3109 662 3154; x_wconf 67' lang='lat' dir='ltr'>Vulyo</span> <span class='ocrx_word' id='word_1_390' title='bbox 678 3113 865 3155; x_wconf 78' lang='lat' dir='ltr'>propterea.</span> 
     </span>
    </p>
   </div>
  </div>
 </body>
</html>
