2052 3374
652 216 703 244 DE
722 215 957 244 HAERESIBUS
975 215 1098 243 LIBER.

1601 215 1653 256 69

103 325 244 366 emori.
276 323 436 365 Tamen*
456 321 507 365 de
531 325 674 365 sancto
696 323 871 378 spiritui-³
891 322 1002 363 facta
1026 320 1130 363 haec
1151 320 1440 375 ⁵cognoscitur
1467 332 1584 372 caro,
1611 321 1654 359 et

103 395 240 435 creata
259 393 399 433 anima
419 391 592 445 scilicet,
615 394 722 433 sicut
738 392 939 446 scriptum
956 394 1020 431 est
1039 392 1083 431 in
1100 389 1329 443 evangelio,
1352 387 1538 444 Spiritus
1554 402 1652 429 δαη-

104 469 191 504 ctus
211 461 471 517 superveniet
489 462 534 501 in
556 468 611 514 te,
640 468 678 502 et
697 461 829 501 virtus
851 459 1045 500 altissimi
1065 457 1354 500 ssobumbrabit
1374 458 1455 498 ⁷te:
1482 460 1523 497 et
1543 455 1654 511 quod

102 531 285 571 animam
303 543 446 570 veram
464 529 623 581 habuit,
645 529 808 581 dicens,
829 527 1030 569 Animam
1050 542 1182 568 meam
1194 541 1278 582 pro
1300 525 1415 568 vobis
1431 525 1592 581 ponoh:
1613 529 1656 566 et

103 598 153 640 de
175 612 297 640 carne
317 597 508 653 passibili
529 597 581 638 ad
602 596 843 649 Thomami,
887 594 1011 647 Quod
1036 597 1210 650 spiritus
1237 610 1321 636 non
1349 594 1471 636 habet
1497 609 1591 636 ossa
1618 600 1656 635 et

104 681 282 720 earnem,
303 668 414 708 sieut
431 681 494 708 me
514 666 697 708 sumetis.
728 665 780 707 Et
799 663 1010 720 apostolus
1027 662 1203 705 Petrusk
1225 663 1274 704 de
1298 663 1502 704 salvatore
1523 666 1652 704 testa-

102 739 168 778 tus
190 739 267 789 est,
289 735 446 789 dicens,
467 735 482 759 9
497 734 624 777 Cuius
646 735 788 776 anima
804 748 887 774 non
905 733 1103 774 derelicta
1121 739 1179 773 est
1198 733 1242 773 in
1257 732 1439 787 inferno,
1460 746 1535 773 nee
1554 747 1653 773 earo

102 806 189 847 eius
207 805 315 846 vidit
334 805 652 860 corruptionem.
683 803 745 845 Ex
765 816 844 857 quo
866 805 1005 843 autem
1021 802 1261 842 incarnatus
1284 804 1360 853 est,
1382 804 1423 841 et
1438 800 1559 842 homo
1577 815 1652 842 no-

103 877 212 915 strae
235 886 358 915 causa
379 872 524 914 salutis
546 876 587 913 et
608 872 709 914 deus
730 885 853 913 verus
871 870 1066 924 creditur,
1088 870 1364 924 cognoscitur,
1387 868 1534 910 colitur
1550 873 1591 910 et
1611 871 1655 910 in

103 942 280 984 ecclesia
299 941 501 983 catholica
520 940 794 996 praedicatur.

187 1010 403 1066 ¹Tropitae
424 1013 523 1051 sunt
545 1011 615 1064 qui
637 1009 781 1051 dicunt
802 1022 1047 1050 conversum
1068 1007 1243 1049 verbum
1265 1008 1309 1048 in
1331 1014 1542 1060 carnem²²,
1570 1020 1655 1048 non
1680 1016 1745 1049 Cap·
1765 1016 1847 1041 LXX-

103 1079 383 1134 intelligentes
411 1077 521 1134 quod
547 1079 606 1118 ait
632 1077 844 1134 apostolus
871 1077 1096 1129 hannesb,
1148 1075 1327 1117 Verbum
1361 1091 1460 1116 earo
1483 1076 1658 1131 factum

104 1156 174 1201 est,
195 1155 234 1190 et
253 1147 457 1189 habita-vit
476 1148 519 1188 in
538 1145 679 1197 nobz's;
706 1161 790 1188 non
811 1145 1076 1187 attendentes
1099 1144 1209 1199 quod
1225 1144 1400 1185 verbum
1417 1148 1482 1185 est
1502 1146 1654 1186 immu-

104 1217 230 1258 tabile
253 1220 295 1258 et
314 1215 676 1269 2inconvertibile‚
702 1215 747 1256 id
775 1218 838 1256 est
865 1214 966 1256 deus
996 1214 1064 1255 dei
1091 1213 1222 1266 filius,
1251 1228 1345 1255 caro
1369 1217 1509 1254 autem
1531 1227 1655 1267 quam

106 1287 267 1342 accepit
286 1299 359 1341 pro
379 1288 523 1327 nostra
543 1283 696 1338 salute,
723 1286 813 1340 ipse
842 1298 934 1325 eam
960 1282 1176 1325 formando
1200 1282 1433 1338 adsumpsit
1455 1286 1497 1323 et
1517 1282 1654 1324 induit

105 1359 271 1397 nostrae
299 1367 423 1396 causa
449 1355 774 1409 incapacitatisc.
822 1352 890 1395 Ad
919 1366 1013 1393 eum
1038 1351 1260 1393 visendum
1287 1353 1427 1405 itaque
1456 1365 1521 1392 res
1550 1353 1654 1394 istae

106 1425 150 1465 in
182 1437 312 1465 unum
339 1424 583 1465 conjunctae
619 1437 692 1477 pro
721 1426 865 1464 nostra
892 1421 1024 1463 salute
1052 1435 1136 1462 non
1163 1422 1438 1462 mutationem
1465 1420 1582 1477 verbi
1610 1421 1655 1462 in

105 1506 285 1546 carnem,
306 1491 380 1533 sed
400 1492 729 1546 assumptionem
749 1492 880 1544 magis
903 1492 963 1531 rei
982 1489 1161 1530 visibilis
1180 1489 1458 1542 declarabant,
1481 1494 1526 1529 ut
1546 1490 1654 1530 invi-

104 1561 237 1603 sibilis
258 1574 332 1616 per
355 1560 562 1602 visibilem
583 1573 749 1601 carnem
770 1558 902 1600 videri
919 1560 1065 1614 possit,
1089 1557 1201 1600 credi
1217 1561 1339 1613 atque
1361 1558 1593 1612 ³cogn0sei‚
1615 1562 1656 1599 et

103 1629 154 1672 ab
174 1629 356 1672 humano
378 1642 527 1684 genere
551 1628 786 1685 capaciterd
806 1627 979 1670 adorari.

191 1788 223 1823 5.
241 1789 421 1834 cognoscit
438 1789 467 1822 b.
538 1788 568 1821 6.
587 1787 804 1822 obumbravit
820 1788 865 1822 Α.

102 1835 133 1870 9.
151 1834 256 1870 Cujus
275 1836 319 1868 A.
335 1834 446 1868 Huius
464 1835 594 1878 reliqui.

935 1787 966 1821 7.
984 1787 1047 1821 tibi
1063 1788 1092 1821 b.
1163 1787 1193 1821 S.
1213 1787 1334 1821 videtis
1352 1786 1489 1821 habere.
1522 1787 1565 1820 Et
1589 1788 1655 1822 Ab.

192 1880 275 1926 Cap.
291 1880 402 1915 LXX.
426 1883 461 1913 in
480 1880 587 1914 Baba.
606 1882 803 1924 itt-scripturn
822 1886 870 1913 est
892 1879 1084 1914 TROPITAE.
1110 1900 1153 1904 -
1197 1879 1225 1913 l.
1249 1879 1316 1913 Alii
1335 1883 1415 1913 sunt
1431 1879 1592 1925 Tropitae
1610 1880 1654 1914 A.

101 1926 133 1962 2.
149 1926 408 1973 incorruptibile
426 1926 470 1960 A.
563 1925 594 1960 3.
613 1926 758 1971 agnosci
774 1926 840 1960 Ab.

101 2064 231 2099 factum
253 2075 330 2098 esse
359 2064 537 2098 docebant.
575 2063 609 2098 S.
633 2063 842 2098 Athanasius

100 2111 158 2144 lib.
176 2110 217 2144 de
232 2110 485 2144 Incarnatione:
506 2108 630 2154 „ga-:itm
648 2106 702 2142 οὖν
721 2108 843 2154 'Apam-

102 2155 149 2189 νοὶ
172 2154 385 2210 φαντάζονται
406 2153 511 2200 σάρκα
534 2156 633 2200 μόνην
657 2154 843 2200 ὑποτιθέμε-

102 2214 150 2235 νοι
172 2201 372 2246 ανειληφέναι
393 2200 448 2234 τὀν
474 2204 622 2245 σωτῆρα,
646 2199 702 2243 τὴν
728 2199 761 2233 δὲ
785 2203 842 2234 τοῦ

102 2245 222 2286 πάθους
239 2248 348 2290 νόησιν
365 2245 416 2280 ἐπὶ
428 2246 484 2289 τὴν
499 2244 604 2289 ἀπαθῆ
621 2246 756 2288 θεά-,ητα
770 2245 843 2279 ἀνα-

103 2293 250 2338 φέροντες
263 2290 419 2337 ἀσεβῶς.”
443 2293 527 2326 Vide
542 2292 688 2325 eundem
702 2292 842 2326 Pearso-

102 2339 198 2374 nium
214 2350 247 2384 p.
264 2338 340 2372 334.
365 2338 669 2372 Benedictinorum
686 2338 844 2382 prolego-

101 2395 204 2419 mena
219 2384 263 2418 ad
277 2384 445 2418 Hilarium
460 2394 540 2429 pag.
553 2383 606 2416 35.
625 2387 656 2416 et
670 2383 723 2416 47.
741 2388 772 2416 et
789 2384 844 2417 ΕΙ-

102 2429 354 2464 menhorstium
371 2430 413 2463 ad
429 2429 647 2464 Gennadium
664 2429 704 2462 de
719 2429 842 2474 Dogm.

102 2475 233 2510 Eccles.
250 2487 282 2520 p.
303 2475 376 2509 112.
424 2475 499 2518 (F.)

148 2531 181 2566 g.
199 2521 240 2555 de
250 2524 370 2555 sancto
381 2521 516 2566 spiritu]
534 2520 739 2554 Prudentius
753 2521 842 2566 Apo-

102 2565 214 2600 theosi
229 2577 260 2600 v.
276 2566 354 2601 435.

150 2612 226 2654 „Ex
241 2625 302 2657 quo
310 2613 488 2646 'mortalem
497 2614 726 2658 prae-§triani
741 2614 841 2657 spi-ri-

572 2664 623 2690 tus
641 2659 750 2690 ali-um

146 2703 296 2748 Spiritus
318 2704 376 2736 ille
400 2705 455 2737 dei
479 2705 559 2737 deus
586 2709 618 2736 et
638 2715 672 2736 se
701 2715 842 2748 corpore

575 2751 693 2781 matris

148 2794 267 2828 Induit
286 2800 384 2839 atque
406 2794 566 2828 hominem
590 2796 629 2828 de
647 2796 842 2837 vt'rqim'tate

575 2840 733 2873 (·re(11·c't.''

107 2883 175 2926 „05
204 2886 430 2930 σπερματικῶς
456 2884 541 2918 ἀλλὰ
573 2885 842 2929 δημιουργικῶς,”

103 2930 216 2976 inquit
234 2930 470 2965 Damascenus
486 2931 543 2964 ΠΙ.
561 2931 592 2964 2.
615 2931 655 2964 de
678 2930 760 2963 Fide
782 2930 843 2964 Or-

104 2974 267 3010 thodoxa.
315 2976 390 3020 (F.)

148 3019 181 3054 h.
209 3021 370 3056 Animam
395 3033 510 3056 meam
531 3033 592 3068 pro
616 3021 714 3055 vobis
738 3023 843 3066 pono]

105 3065 257 3112 Respicit
270 3067 386 3102 locum
400 3067 472 3102 1011.
484 3067 530 3103 X.
547 3068 596 3102 11.
619 3066 726 3111 »Ἐγώ
748 3065 810 3111 εἰμι
826 3065 843 3101 ὁ

913 2062 1031 2109 ποιμὴν
1053 2061 1070 2096 ὁ
1094 2062 1195 2101 καλός
1239 2062 1278 2096 ‘O
1303 2062 1422 2108 ποιμὴν
1442 2061 1458 2096 ὁ
1481 2063 1582 2102 καλὸς
1600 2062 1656 2106 τὴν

913 2109 1018 2155 ψυχὴν
1037 2109 1136 2142 αὐτοῦ
1150 2108 1270 2152 τίθησιν
1285 2108 1363 2154 ὑπὲρ
1376 2110 1440 2142 τῶν
1451 2107 1656 2154 προβάτων.”

912 2156 1052 2197 (Fabr.)

956 2202 978 2235 i.
1004 2202 1046 2235 ad
1063 2201 1246 2244 Thomam]
1272 2201 1354 2236 Luc.
1371 2201 1573 2244 XXIV.39.‚
1596 2202 1656 2237 ubi

911 2247 1006 2281 nulla
1015 2247 1171 2293 Thomae
1188 2248 1328 2281 mentio.
1377 2247 1452 2290 (F.)

955 2292 989 2328 k.
1015 2293 1192 2338 apostolus
1205 2293 1340 2336 Petrus]
1360 2293 1473 2327 Actor.
1487 2294 1528 2328 ΙΙ.
1543 2293 1596 2327 27.
1611 2305 1656 2328 ex

912 2338 1001 2374 Psal.
1026 2339 1118 2373 XVI.
1146 2339 1196 2372 10.
1239 2337 1308 2381 »ὅτι
1333 2338 1392 2372 οὐκ
1416 2337 1656 2384 ἐγκαταλείψεις

913 2383 968 2427 τὴν
987 2385 1094 2430 ψυχήν
1113 2397 1174 2429 μου
1193 2382 1233 2423 εἷς
1252 2385 1350 2429 ᾅδου,
1369 2384 1445 2418 οὐδὲ
1463 2385 1575 2424 δώσεις
1599 2385 1655 2418 τὸν

913 2428 1001 2463 ὅσιόν
1020 2443 1078 2463 σου
1095 2429 1171 2463 ἰδεῖν
1190 2428 1398 2475 διαφθοράν.”
1445 2431 1520 2474 (F.)

958 2475 1038 2521 Cap.
1053 2476 1163 2510 LXX.
1182 2497 1225 2501 —
1242 2487 1271 2509 a.
1290 2487 1493 2510 conversum
1511 2477 1656 2510 verbum

911 2522 947 2555 in
961 2523 1113 2565 carnem]
1131 2521 1214 2555 Inde
1230 2533 1357 2555 nomen
1373 2522 1554 2566 Τροπιτῶν,
1574 2524 1656 2567 quia

912 2566 1015 2611 τροπὴ
1033 2568 1222 2601 conversio.
1255 2567 1417 2601 Confutat
1434 2567 1520 2601 hanc
1538 2567 1654 2601 haere-

911 2613 981 2654 sin,
1009 2617 1181 2656 recoctam
1209 2613 1330 2647 deinde
1357 2614 1393 2647 in
1420 2613 1653 2657 Eutychianis‚

909 2658 1139 2737 Tertulligpus
1154 2659 1240 2693 libro
1251 2658 1291 2692 de
1300 2658 1408 2693 Carne
1423 2658 1548 2693 Christi
1562 2670 1589 2692 c.
1604 2659 1653 2692 10.

910 2715 946 2738 se
975 2732 982 2739 .
1029 2706 1048 2744 (
1081 2733 1088 2738 .

950 2715 987 2784 ί1).
1012 2709 1173 2793 Ioan)nes]
1193 2749 1274 2795 Cap.
1295 2750 1323 2783 1.
1342 2762 1371 2783 v.
1393 2750 1443 2784 14.
1492 2750 1566 2793 (F.)

955 2806 983 2828 c.
1009 2800 1146 2829 nostrae
1165 2806 1269 2829 causa
1281 2796 1533 2841 incapacitatis]
1553 2795 1650 2836 Quod

908 2840 1022 2874 videre
1035 2852 1124 2882 eum,
1142 2842 1210 2875 nisi
1222 2852 1323 2875 carne
1337 2842 1493 2874 indutum
1507 2853 1575 2874 non
1593 2852 1651 2884 po-

910 2890 1072 2921 teramus,
1108 2886 1223 2920 Possit
1246 2887 1349 2921 etiam
1372 2887 1568 2931 interpungi
1585 2886 1650 2919 sic:

914 2932 1083 2971 „Nostrae
1108 2945 1214 2966 causa
1237 2935 1486 2978 incapacitatis
1510 2933 1558 2964 ad
1581 2944 1651 2964 eum

910 2978 1110 3012 2-isendz1m.’'
1157 2978 1232 3021 (F.)

957 3022 988 3055 d.
1014 3023 1197 3067 capaciter]
1223 3023 1335 3058 Sensu
1358 3024 1433 3069 ipso
1456 3027 1559 3068 atque
1574 3023 1652 3058 visu

913 3079 993 3103 eum
1008 3069 1227 3114 percipiente.
1274 3069 1349 3112 (F.)
