2052 3374
684 171 735 196 DE
755 172 990 197 HAERESIBUS
1009 172 1203 198 LIBELLUS.
1639 173 1721 215 317

168 288 300 316 unum
320 287 477 328 sumus,
497 274 604 316 male
625 275 865 330 intelligens
885 276 1003 330 illud,
1030 277 1176 319 5Pater
1195 277 1326 318 maior
1352 290 1418 318 me
1440 280 1513 319 est.
1564 276 1605 318 Is
1628 291 1723 318 cum

169 345 256 385 suis
277 342 552 398 ⁶sequacibus
573 346 617 386 in
636 344 819 387 Nicaeno
842 345 1016 387 concilio
1040 346 1259 387 damnatus
1279 345 1479 402 plurimos
1500 347 1722 402 scriptores

167 411 314 453 habuit
340 413 663 468 impugnatores.
719 414 834 455 Inter
869 428 970 468 quos
1006 416 1220 470 praecipui
1254 415 1422 456 fuerunt
1454 415 1723 468 Athanasius,

166 480 366 535 Hilarius,
385 481 646 535 Ambrosius,
665 483 936 536 Augustinus.

251 561 440 603 Pauliani
460 576 484 602 a
503 562 630 604 Paulo
645 561 914 604 Samosateno
937 565 1069 604 exorti
1089 568 1198 604 sunt.
1231 564 1307 614 Qui
1329 563 1434 606 dixit
1453 578 1537 606 non
1559 578 1725 620 semper

167 629 297 671 fuisse
319 629 546 684 Christum,
568 631 643 672 sed
664 645 688 672 a
706 631 837 673 Maria
857 632 1086 686 sumpsisse
1106 633 1284 674 initium.
1324 633 1476 675 Contra
1492 632 1602 675 hunc
1619 635 1723 676 scri-

167 699 253 753 psit
273 712 397 754 supra
418 699 552 740 dictus
573 699 797 754 Dionysius
817 699 1095 741 Alexandriae
1119 700 1351 756 episcopus.

253 778 476 821 Novatiani
492 794 516 821 a
530 779 705 833 Novato,
725 780 880 822 Romae
897 781 1012 822 urbis
1028 780 1286 836 presbytero,
1305 783 1450 835 exorti,
1472 783 1484 806 1
1496 784 1566 837 qui
1582 787 1726 825 contra

168 846 405 889 Cornelium
427 848 668 890 cathedram
689 848 991 890 sacerdotalem
1013 853 1185 890 conatus
1213 850 1410 891 invadere
1439 851 1631 893 haeresin
1657 854 1723 894 in-

168 915 318 970 stituit,
337 916 483 958 nolens
505 921 715 973 apostatas
737 919 947 973 suscipere
967 919 1231 973 paenitentes
1249 923 1289 959 et
1305 919 1568 974 rebaptizans
1586 921 1724 977 bapti-

167 988 294 1026 zatos.
344 985 395 1027 Et
414 985 490 1027 hos
521 986 705 1028 confutat
724 987 971 1028 Ambrosius
998 988 1043 1027 in
1063 986 1168 1028 libro
1202 987 1252 1028 de
1274 987 1549 1042 Paenitentia,
1581 994 1721 1032 osten-

169 1052 273 1095 dens
295 1067 364 1095 eos
386 1067 545 1096 errores
568 1056 797 1110 sumpsisse
824 1054 901 1096 ²ex
923 1055 1099 1110 epistola
1125 1055 1178 1096 ad
1198 1056 1423 1098 Hebraeos.
1473 1058 1558 1099 Hos
1587 1060 1630 1099 in
1658 1073 1723 1100 re-

168 1122 420 1178 baptizando
449 1125 602 1164 imitati
630 1127 728 1164 sunt
755 1123 1022 1178 Donatistae,
1051 1126 1158 1177 sive,
1189 1128 1236 1165 ut
1262 1124 1565 1180 ³Hier0nymus
1593 1130 1725 1182 ponit,

167 1190 404 1244 Donatiani,
425 1205 450 1232 a
468 1191 630 1234 Donato
653 1192 832 1246 quodam
853 1192 952 1234 Afro
975 1195 1218 1249 nuncupati,
1247 1198 1391 1236 contra
1418 1208 1519 1249 quos
1546 1195 1725 1251 plurima

167 1260 336 1315 scripsit
353 1260 626 1314 Augustinus.

249 1339 384 1382 Probo
419 1342 652 1395 imperante
687 1341 1025 1383 Manichaeorum
1059 1342 1243 1384 haeresis
1280 1347 1368 1385 orta
1398 1348 1462 1385 est
1492 1358 1516 1385 a
1547 1345 1723 1400 quodam

166 1408 293 1450 Persa
314 1409 384 1463 qui
403 1413 575 1451 vocatus
595 1410 752 1452 Manes.
802 1411 881 1451 Hic
905 1410 1007 1451 duas
1036 1415 1206 1453 naturas
1235 1415 1277 1452 et
1304 1412 1561 1455 substantias
1590 1416 1722 1457 intro-

168 1476 306 1531 duxit,
333 1477 377 1518 id
406 1481 470 1518 est
497 1477 649 1519 bonam
677 1482 719 1519 et
744 1478 921 1531 malam,
953 1484 994 1519 et
1021 1481 1181 1520 animas
1204 1494 1254 1520 ex
1276 1480 1352 1522 deo
1374 1483 1491 1535 quasi
1513 1496 1563 1523 ex
1585 1483 1721 1538 aliquo

167 1546 280 1587 sonte
307 1559 477 1588 manare
506 1548 695 1588 asseruit.
746 1547 1064 1589 Testamentum
1099 1562 1253 1590 novum
1281 1562 1331 1590 ex
1358 1555 1475 1604 parte
1502 1552 1723 1607 recipiunt,

166 1618 288 1656 vetus
309 1620 523 1671 respuunt.
576 1615 728 1657 Contra
747 1615 823 1657 hos
845 1617 945 1657 item
966 1616 1145 1671 plurima
1166 1617 1312 1658 scribit
1331 1619 1601 1672 Augustinus.

252 1695 698 1751 Anthropomorphitae
722 1695 823 1736 dicti
843 1710 916 1751 pro
939 1709 985 1737 eo
1008 1697 1118 1751 quod
1134 1697 1401 1753 simplicitate
1423 1702 1579 1742 rustica
1601 1701 1723 1743 deum

165 1762 350 1805 humana
368 1765 577 1818 membra,
609 1778 713 1818 quae
734 1765 778 1805 in
800 1763 953 1806 divinis
984 1764 1101 1807 libris
1131 1768 1287 1822 scripta
1308 1772 1426 1822 sunt,
1456 1769 1722 1812 arbitrantur.

169 1832 321 1875 Contra
340 1832 417 1875 hos
439 1835 582 1875 scribit
603 1832 880 1887 ¹Theophilus
900 1832 1179 1876 Alexandriae
1203 1837 1434 1892 episcopus.

253 1912 494 1966 ¹Eraclitae,
524 1913 576 1954 ab
603 1912 764 1954 Eraclio
796 1917 962 1955 auctore
993 1916 1145 1968 exorti,
1172 1916 1398 1958 monachos
1426 1922 1590 1961 tantum
1616 1922 1721 1962 reci-

167 1983 308 2037 piunt,
344 1982 534 2036 coniugia
569 1985 790 2037 respuunt,
822 1995 946 2036 regua
983 1982 1188 2025 caelorum
1222 1985 1416 2040 parvulos
1451 1987 1604 2031 habere
1640 2004 1722 2032 non

169 2049 356 2092 credunt.

253 2129 543 2171 Macedoniani
572 2144 595 2171 a
624 2129 864 2173 Macedonio
897 2131 1356 2189 Constantinopolitano
1393 2137 1587 2193 episcopo
1621 2138 1721 2181 dicti

169 2202 281 2252 sunt,
300 2203 502 2252 negantes
525 2198 648 2240 deum
669 2213 760 2240 esse
782 2201 974 2255 spiritum
995 2207 1198 2244 sanctum.
1242 2203 1393 2246 Contra
1413 2205 1523 2247 hunc
1548 2221 1719 2261 congre-

168 2271 310 2321 gatum
331 2271 394 2308 est
407 2266 910 2323 constantinopolitanum
928 2270 1152 2312 concilium
1167 2274 1362 2327 primum,
1383 2287 1513 2329 eoque
1532 2275 1719 2331 deposito

170 2335 385 2377 ordinatus
407 2339 471 2377 est
490 2335 637 2377 beatus
658 2336 888 2379 Nectarius.
920 2338 1059 2393 Ipsam
1080 2339 1287 2383 haeresim
1308 2344 1554 2399 proscripsit
1568 2345 1718 2387 Iohan-

169 2417 244 2446 nes
265 2403 596 2458 chrysostomus.

255 2483 515 2526 ¹Photiniani
536 2498 561 2525 a
581 2483 757 2526 Photino
780 2484 1000 2528 Sirmiensi
1022 2487 1216 2544 episcopo
1239 2493 1481 2546 nuncupati,
1503 2494 1573 2546 qui
1592 2493 1717 2535 Ebio-

169 2554 353 2595 nitarum
379 2551 573 2594 haeresin
599 2554 806 2595 suscitans
836 2557 1014 2597 asseruit
1041 2556 1252 2599 Christum
1281 2572 1305 2599 a
1324 2558 1455 2600 Maria
1474 2573 1549 2614 per
1567 2561 1717 2617 Ioseph

259 2709 292 2746 5.
314 2711 457 2746 Iohann.
473 2710 565 2745 XIV.
584 2710 636 2744 28.
706 2711 736 2745 G.
753 2713 952 2757 sequatibus
970 2716 1065 2748 codd.

261 2756 344 2803 Cap.
360 2757 479 2791 XXX.
497 2777 539 2780 —
567 2757 594 2789 l.
614 2758 664 2800 (ss.
682 2756 874 2801 Hieronym.
894 2760 946 2793 De
961 2760 1100 2804 Scripta
1120 2759 1215 2794 Evcl.
1234 2772 1310 2805 (ἀμ
1332 2762 1390 2795 70.
1448 2762 1478 2798 9.
1497 2763 1554 2796 Ila
1573 2769 1715 2800 corrasi.

171 2802 215 2837 In
228 2804 323 2836 codd.
341 2809 433 2836 eztat
448 2802 607 2847 exempla
624 2802 666 2835 ad
683 2801 837 2838 hebreos.
870 2804 920 2839 Cf.
943 2805 1004 2850 Ep.
1030 2805 1082 2838 ad.
1106 2805 1208 2839 Hebr.
1230 2806 1283 2840 VI.
1300 2807 1399 2841 4—6.
1469 2808 1500 2842 3.
1524 2809 1716 2854 He'eronym.

172 2848 225 2882 De
239 2848 379 2894 Scriptt.
395 2848 526 2881 Eccles.
546 2860 622 2892 cap.
639 2847 695 2881 93.

262 2893 345 2939 Cap.
360 2893 510 2928 XXXII.
529 2914 571 2918 -—
611 2894 638 2927 l.
664 2894 713 2937 Cf.
743 2895 896 2928 Genmzcl.
914 2898 954 2929 de
980 2896 1072 2929 Viris
1090 2896 1216 2931 Illas-tr.
1235 2910 1311 2943 cap.
1329 2899 1385 2932 33.

262 2939 343 2985 Cap.
360 2939 525 2973 XXXIII.
543 2959 585 2963 —
613 2939 640 2972 1.
660 2939 705 2972 Id
725 2946 774 2973 est
787 2940 978 2975 llieracitae
1002 2942 1043 2974 ad
1061 2942 1221 2985 meraca,
1239 2948 1288 2977 uti
1309 2947 1377 2977 iam
1396 2947 1599 2979 emendatum
1618 2954 1666 2981 est
1682 2952 1716 2981 in

176 2985 318 3026 Isidoro,
336 2991 367 3018 et
381 2986 475 3018 alibi.

263 3030 343 3076 Cap.
360 3031 508 3066 XXXV.
526 3051 568 3055 —
609 3031 635 3064 1.
659 3030 830 3065 Fotiniani
860 3042 880 3065 a
902 3032 1024 3067 Fotino
1050 3035 1144 3067 codd.

1749 574 1815 606 cap.
1834 573 1932 598 xxix.

1751 792 1818 825 Cap.
1836 791 1920 817 XXX.

1748 1353 1814 1386 cap.
1832 1353 1934 1379 xxxi.

1748 1709 1814 1742 Cap.
1833 1709 1948 1735 xxxn.

1749 1928 1814 1961 Cap.
1833 1928 1960 1954 XXXIII.

1747 2146 1813 2179 Cap.
1833 2146 1956 2171 XXXIV.

1744 2500 1811 2533 Cap.
1831 2500 1939 2525 XXXV.
