2052 3374
1644 205 1725 247 383

168 328 241 350 sum
257 318 402 356 crinem,
420 327 483 348 ora
501 315 634 353 lurida,
657 313 848 358 squallidus
866 323 998 351 manus,
1025 317 1057 344 et
1070 312 1212 344 sordida
1231 310 1320 343 eolla
1336 309 1551 342 submitteret.
1590 307 1642 340 De
1658 306 1727 339 ritu

167 362 260 396 illius
277 361 425 394 solemni
440 360 517 393 fuse
536 359 720 394 Gratianus
739 358 889 393 distinct.
903 358 942 392 L.
979 356 1224 391 Bonaventura
1239 356 1299 390 lib.
1314 355 1371 390 IV.
1391 354 1541 387 distinct.
1553 352 1647 386 XIV.
1664 363 1727 386 nu-

167 418 251 441 mer.
265 406 320 441 39.
350 406 535 439 Durandus
560 409 706 438 sentent.
724 405 784 438 lib.
798 404 852 437 lv.
877 403 1027 436 distinct.
1041 402 1134 435 XIV.
1153 405 1285 446 quaest.
1303 401 1359 434 IV.
1390 400 1520 433 Beatus
1537 398 1726 432 Rhenanus

169 452 213 486 ad
228 452 432 486 Tertulliani
446 451 505 484 lib.
523 451 564 484 de
580 451 769 496 paenitent.
793 454 827 482 et
848 450 885 482 in
909 449 1073 482 admonit.
1098 447 1251 491 dogmat.
1267 446 1471 480 Tertulliani
1485 445 1544 479 fol.
1558 444 1636 478 557.
1659 443 1729 477 Im·

167 498 282 544 posita
298 502 415 531 autem
431 502 483 530 est
498 508 560 542 pro
578 496 794 541 gravissimis
811 500 845 528 et
860 495 1004 528 notoriis
1019 493 1216 533 sceleribus,
1235 503 1323 537 quae
1341 494 1602 525 commoverunt
1618 494 1728 523 totam

168 544 300 585 urbem,
315 544 370 576 vel
387 546 497 576 totam
513 543 693 582 viciniam;
710 546 747 574 ut
763 541 812 573 ita
830 541 889 585 qui
904 540 1093 573 multorum
1109 538 1340 572 destructione
1365 548 1401 571 se
1426 536 1626 582 perdiderit,
1649 546 1729 569 cum

168 590 359 623 multorum
382 588 622 622 aedificatione
646 599 683 621 se
708 586 863 620 redimat.
909 585 1104 619 Ludovicus
1127 584 1213 629 Imp.
1239 584 1402 617 addition.
1420 583 1450 616 ·2.
1476 582 1518 615 ad
1541 581 1727 626 Capitular.

167 635 288 670 Karoli
301 635 424 679 Magni
440 645 514 679 cap.
529 633 661 667 XXIII.
687 632 870 666 Durandus
887 631 964 664 loco
981 631 1228 676 praeallegato.
1262 630 1371 663 Autor
1387 629 1428 662 de
1445 628 1593 661 utilitate
1610 627 1728 672 paeni-

166 681 298 714 tentiae
315 680 406 726 apud
424 680 608 724 Augustin.
624 683 707 712 tom.
724 678 785 711 IX.
801 677 862 711 fol.
876 676 952 711 706.
970 687 1045 721 cap.
1061 675 1092 710 3.
1126 674 1297 709 Iohannes
1315 675 1355 708 de
1375 674 1518 708 Gerson.
1536 678 1624 718 part.
1638 673 1669 707 2.
1687 672 1729 705 de

169 726 297 760 visitat.
311 727 544 771 praelatorum
559 725 618 759 fol.
632 723 686 759 43.
705 724 746 757 de
759 722 961 757 absolvendi
972 726 1142 767 potestate
1155 733 1187 766 p.
1198 720 1252 754 33.
1270 721 1455 765 Augustin.
1469 724 1552 753 tom.
1563 719 1624 752 IX.
1634 719 1693 752 lib.
1703 718 1728 753 Ι.

170 772 211 806 de
227 772 385 815 symbolo
399 771 443 805 ad
456 769 721 805 catechumenos
736 780 809 814 cap.
822 768 878 802 VI.
893 768 933 801 de
947 768 1130 801 animabus
1144 766 1384 800 defunctorum
1400 770 1484 800 tom.
1499 765 1544 798 X.
1562 763 1729 798 serm.IV.

168 817 228 853 fol.
241 817 320 853 894.
344 817 516 851 Martinus
533 816 755 850 Bracarensis
773 815 924 860 episcop.
943 814 979 847 in
997 813 1167 857 excerptis
1185 812 1286 857 capit.
1308 812 1469 846 Graecor.
1486 817 1568 845 tom.
1583 810 1615 844 i).
1641 809 1730 844 Con-

169 864 225 898 cil.
243 874 317 909 cap.
331 862 463 898 XXIII.
480 863 540 896 fol.
554 862 630 895 224.
656 861 898 895 Bonaventura
915 864 1062 893 sentent.
1078 859 1136 892 lib.
1150 858 1206 891 IV.
1231 858 1379 891 distinct.
1391 856 1502 891 XVII.
1524 867 1657 890 numer.
1676 856 1729 889 79.

238 908 378 943 Secreta
395 908 647 950 satisfactione]
672 907 815 940 Albinus
832 906 998 939 Alcuinus
1016 905 1057 938 de
1075 904 1199 937 divinis
1219 903 1359 945 officiis,
1381 903 1418 936 in
1440 902 1628 947 appendice
1644 902 1728 936 bibl.

168 958 308 1000 patrum
322 955 381 988 fol.
398 953 495 988 1952.
519 954 658 987 Secreta
676 955 911 997 satisfactione
927 952 1013 983 sole-2·
1029 951 1188 983 mortalia
1207 952 1351 982 crimina
1378 962 1439 982 non
1458 960 1635 992 ueqamus;
1653 960 1730 993 qao-

170 1003 307 1035 tidiana
322 1013 401 1034 νει-ο
417 1001 569 1043 leviaque
580 1005 741 1044 peccata,
759 1002 830 1031 sine
846 1000 962 1041 quibas
978 996 1120 1029 homim's
1136 999 1207 1028 vita
1226 1008 1286 1028 non
1306 996 1451 1034 ducitur,
1469 996 1637 1027 dominic-a
1652 1006 1730 1026 ora-

171 1050 258 1081 tione
267 1053 474 1091 purgantur.
498 1044 641 1079 vidend.
658 1044 829 1077 Martinus
854 1041 1069 1076 Chemnitius
1090 1040 1275 1086 theologus
1300 1040 1553 1074 eruditissimus
1578 1039 1728 1073 examin.

171 1091 302 1126 Concil.
317 1091 469 1125 Trident.
511 1094 573 1124 art.
588 1090 618 1123 2.
635 1100 716 1135 pag.
730 1088 806 1123 381.
825 1095 860 1122 et
875 1099 947 1133 seq.

239 1137 398 1178 Quotidie
423 1148 484 1170 euc
510 1136 649 1169 aristiae
678 1135 959 1169 communionem
982 1134 1173 1178 percipere]
1206 1132 1371 1166 Rabanus
1395 1131 1538 1165 Mamas
1563 1131 1604 1164 de
1629 1142 1730 1164 serm.

169 1183 379 1230 proprietate
400 1183 460 1217 lib.
472 1182 529 1217 IV.
548 1192 622 1226 cap.
635 1181 682 1214 X.
707 1180 748 1213 de
771 1181 880 1213 instit.
905 1180 1056 1213 clericor.
1077 1180 1136 1212 lib.
1150 1179 1175 1212 l.
1194 1189 1267 1223 cap.
1281 1177 1415 1212 XXXI.
1448 1177 1579 1222 Corpus
1599 1176 1730 1211 Canon.

171 1229 213 1263 de
229 1233 418 1263 consecrat.
436 1227 585 1261 distinct.
600 1226 630 1260 9..
649 1237 724 1271 cap.
737 1225 815 1260 XII.
848 1226 1067 1259 Innocentius
1084 1224 1147 1259 ΡΡ.
1161 1224 1217 1258 ΙΙΙ.
1240 1224 1434 1268 mysterior.
1452 1223 1581 1256 missae
1598 1223 1657 1256 lib.
1674 1222 1730 1256 IV.

171 1285 247 1320 cap.
259 1273 366 1308 XLII.
382 1273 441 1307 fol.
454 1273 531 1307 394.
555 1272 766 1306 Walafridus
781 1271 904 1305 Strabo
922 1271 962 1304 de
979 1271 1050 1304 reb.
1068 1271 1188 1304 eccles.
1206 1281 1281 1314 cap.
1296 1269 1379 1303 XX.
1397 1269 1544 1313 Algerus
1560 1268 1601 1301 de
1619 1279 1731 1302 sacra-

171 1325 290 1356 mento
308 1319 534 1354 eucharistiae
546 1319 606 1352 lib.
624 1318 652 1352 l.
668 1328 741 1363 cap.
754 1317 868 1350 XXII.
892 1317 1012 1350 Petrus
1025 1316 1240 1350 Lombardus
1259 1319 1406 1349 sentent.
1420 1315 1478 1348 lib.
1492 1314 1548 1348 IV.
1564 1314 1641 1349 dist.
1653 1313 1730 1348 XII.

239 1365 323 1411 Gap.
335 1365 422 1400 LIV.
445 1385 491 1389 —
518 1364 735 1398 Paenitentia
756 1374 837 1396 vera
862 1364 929 1405 est]
965 1362 1152 1407 Gregorius
1176 1362 1328 1406 Magnus
1350 1361 1386 1394 in
1411 1360 1591 1405 evangelia
1613 1359 1732 1394 homil.

171 1411 337 1448 XXXIV.
354 1411 414 1445 fol.
427 1410 506 1446 482.
531 1414 565 1444 et
587 1410 687 1455 epist.
702 1409 762 1444 lib.
776 1408 838 1443 IX.
864 1409 962 1453 epist.
975 1408 1146 1441 XXXIX.
1169 1408 1230 1441 fol.
1248 1407 1343 1441 1063.
1380 1406 1630 1439 Paenitentiam
1655 1418 1732 1438 vere

173 1469 291 1503 were,
317 1464 365 1491 est
381 1459 556 1490 commissa
571 1457 675 1500 flere,
698 1462 731 1489 et
750 1458 870 1488 iterum
887 1455 1088 1498 planyenda
1113 1454 1298 1487 cles-linare.
1337 1452 1472 1497 Eligius
1488 1451 1731 1485 Noviomensis

219 1504 226 1511 .
427 1503 434 1510 .
528 1503 539 1521 Τ
896 1500 908 1508 .
932 1500 944 1509 ,
968 1500 979 1506 -
1022 1500 1032 1512 ,-
1156 1499 1174 1506 -

171 1502 466 1585 {issam
472 1501 572 1582 {a
584 1499 1205 1581 ffi23545⁵32¹3ffi13241f531331t0
1212 1498 1731 1590 {iffatsstsszbssz‘JSS-2ffflffsst

241 1594 440 1630 Satisfactio
456 1593 706 1639 paenitentiae]
727 1591 944 1626 Lombardus
961 1595 1107 1625 sentent.
1123 1591 1182 1624 lib.
1196 1590 1251 1624 lv.
1270 1590 1417 1623 distinct.
1431 1590 1508 1623 XV.
1530 1589 1732 1633 ‚satisfactio

167 1644 403 1687 paenitentiae
419 1646 476 1680 est,
491 1645 707 1684 peccatorum
726 1650 851 1671 causas
867 1639 1033 1677 excidere,
1052 1649 1110 1669 nec·
1126 1636 1390 1680 suqqestionibus
1407 1648 1522 1668 earum
1537 1636 1663 1668 aditum
1684 1638 1732 1667 in-

174 1688 322 1732 dulyere.
345 1686 511 1720 Rabanus
528 1685 569 1719 de
587 1696 687 1718 serm.
704 1684 902 1729 proprietat.
921 1683 980 1717 lib.
994 1682 1050 1716 IV.
1069 1693 1143 1727 cap.
1156 1682 1202 1716 X.
1228 1682 1268 1715 de
1292 1682 1437 1715 institut.
1455 1682 1606 1715 clericor.
1624 1681 1683 1714 lib.
1701 1680 1732 1713 2.

173 1743 248 1778 cap.
258 1732 395 1767 XXXI.
433 1731 654 1765 Bernhardus
679 1732 720 1764 de
742 1732 900 1763 interiori
919 1730 1014 1762 domo
1030 1728 1090 1763 fol.
1110 1727 1205 1761 1063.
1244 1727 1448 1761 Bachiarius
1472 1726 1513 1760 <le
1529 1725 1732 1771 recipiendis

173 1779 292 1824 lapsis.
315 1777 562 1812 Bonaventura
576 1777 634 1810 lib.
648 1775 706 1810 HI.
728 1775 878 1809 distinct.
891 1775 974 1809 XX.
995 1775 1054 1808 lib.
1075 1774 1131 1807 IV.
1156 1773 1396 1807 distinctxv.
1421 1777 1554 1818 quaest.
1568 1772 1627 1806 ΙΙΙ.
1656 1771 1731 1805 vid.

172 1825 344 1860 Martinus
361 1822 577 1857 Chemm‘tius
593 1826 680 1868 part.
694 1821 724 1855 2.
743 1821 894 1854 examin.
908 1819 1039 1854 Concil.
1051 1819 1241 1853 Tridentin.
1258 1830 1291 1864 p.
1309 1818 1376 1854 378
1394 1823 1427 1852 et
1445 1823 1603 1863 sequent.

243 1868 325 1916 Cap.
341 1869 410 1903 LV.
425 1889 471 1894 —
493 1869 534 1902 In
558 1868 682 1902 divinis
704 1867 993 1912 promissionibus
1010 1864 1097 1899 nihil
1113 1866 1302 1909 terrenum]
1341 1864 1426 1898 Vide
1443 1865 1681 1909 Augustinum
1696 1864 1734 1897 in

173 1915 292 1951 Iohan.
308 1918 457 1949 tractatu
470 1913 623 1948 XXXII.
640 1924 712 1958 cap.
726 1912 799 1946 VII.

241 1961 321 1996 Non
334 1961 534 2006 nuptiarum
551 1960 710 2004 copulam
727 1959 815 1992 sicut
831 1957 1028 2001 Cerinthus]
1055 1956 1209 1992 Cerinthi
1223 1957 1376 1991 haeresis
1393 1955 1476 1990 haec
1491 1960 1574 1997 erat,
1592 1960 1630 1989 ut
1642 1955 1734 1989 affir-

173 2011 286 2042 maret
299 2011 475 2041 terrenum
489 2006 646 2039 futurum
659 2003 786 2039 Christi
802 2015 959 2049 regnum,
977 2015 1016 2037 ac
1035 2004 1245 2049 quiaventri,
1261 2003 1365 2048 gulae
1383 2014 1421 2036 ac
1439 2002 1575 2036 libidini
1594 2006 1666 2035 erat
1679 2001 1734 2034 de·

175 2053 279 2098 ditus,
297 2063 339 2087 ea
353 2053 470 2086 futura
486 2051 706 2091 decernebat,
732 2061 820 2094 quae
838 2050 904 2083 sibi
919 2050 1058 2095 propria
1073 2049 1179 2083 libido
1197 2049 1359 2082 dictabat.
1398 2048 1536 2081 Ventris
1554 2053 1588 2081 et
1605 2058 1734 2088 eorum,

174 2109 265 2179 {uae
281 2099 346 2133 sub
361 2102 481 2132 ventre
497 2101 580 2131 sunt
591 2097 825 2137 incitamenta,
843 2095 937 2136 cibis,
954 2096 1105 2140 potibus,
1125 2099 1158 2128 et
1174 2095 1304 2139 nuptiis
1318 2094 1539 2139 praedicabat
1552 2093 1734 2138 explenda.

206 2144 347 2178 usebius
371 2144 492 2178 eccles,
515 2141 634 2176 histor.
659 2142 718 2175 lib.
731 2141 789 2176 III.
813 2152 888 2186 cap.
906 2141 1069 2175 XXVIII.
1093 2141 1153 2174 lib.
1172 2141 1244 2174 VII.
1270 2151 1343 2185 cap.
1363 2139 1496 2174 XXIII.
1528 2138 1732 2173 Theodoret.

174 2190 234 2224 lib.
246 2189 288 2224 II.
307 2189 415 2224 fabul.
429 2188 560 2222 haeret.
577 2187 695 2221 Isidor.
713 2187 842 2232 Hispal.
860 2187 947 2232 orig.
964 2187 1023 2220 lib.
1037 2186 1069 2221 8.
1088 2197 1116 2220 c.
1130 2186 1171 2221 V.
1196 2185 1411 2231 Epiphanius
1429 2185 1560 2219 haeres.
1571 2184 1733 2218 XXVIII.

176 2234 390 2280 Nicephorus
408 2234 570 2268 Callistus
588 2234 707 2267 eccles.
724 2232 842 2266 histor.
860 2233 918 2266 lib.
932 2232 989 2265 111.
1006 2243 1080 2277 cap.
1093 2232 1187 2266 XIV.
1204 2232 1262 2266 lib.
1278 2232 1333 2266 VI.
1352 2242 1425 2276 cap.
1439 2230 1555 2265 XXII.
1597 2230 1653 2264 Sic
1671 2231 1735 2263 im-

200 2285 320 2315 matus
336 2279 515 2314 Mahumet
531 2285 569 2312 ut
583 2279 766 2323 mancipiis
783 2279 854 2312 suis
872 2279 1067 2319 vilissimis,
1091 2282 1125 2311 et
1138 2278 1304 2311 maximis
1320 2278 1505 2311 mulierum
1522 2276 1734 2310 amatoribus

176 2292 363 2361 garacenis
379 2325 540 2370 placeret,
557 2325 624 2358 illis
641 2330 720 2369 post
735 2324 809 2358 fata
824 2324 1023 2369 paradisum
1041 2324 1262 2365 deliciosum,
1279 2324 1383 2368 inque
1402 2334 1441 2356 eo
1460 2323 1734 2368 speciosissimas

176 2373 350 2413 mulieres,
367 2382 407 2404 ac
422 2371 547 2415 longas
564 2374 598 2403 et
614 2381 754 2404 securas
772 2371 972 2403 subationes
1015 2370 1164 2403 ollicitus
1182 2374 1245 2403 est.
1269 2369 1420 2402 Alcoran
1434 2379 1557 2402 azoara
1570 2368 1610 2402 ΙΙ.
1629 2367 1734 2401 LXV.

177 2417 299 2453 LXVI.
316 2415 434 2451 Iohan.
453 2415 713 2450 Cantacuzenus
731 2420 815 2449 orat.
830 2415 861 2450 2.
878 2416 914 2449 in
929 2416 987 2449 Ma
1013 2420 1117 2449 umet.
1136 2415 1290 2448 doctrina
1306 2414 1500 2448 Mahumeti
1517 2414 1560 2447 ad
1576 2413 1734 2447 Sarrace-

176 2475 241 2499 nos
257 2463 316 2497 foi
333 2462 408 2497 197.
435 2461 637 2496 Anastasius
655 2460 934 2495 bibliothecarius
953 2460 995 2494 ad
1013 2472 1092 2495 ann.
1111 2460 1239 2494 Christi
1255 2459 1430 2493 DCXXII.

246 2508 324 2543 Non
363 2507 432 2541 uod
448 2507 491 2541 ad
507 2507 624 2541 cibum
640 2511 673 2540 et
688 2511 808 2552 potum
821 2507 979 2552 pertinet,
997 2507 1086 2540 sicut
1097 2506 1204 2551 Papia
1217 2511 1346 2546 autore,
1364 2505 1536 2546 Irenaeus,
1554 2505 1734 2538 Tertullia-

177 2566 263 2596 nus,
287 2559 321 2588 et
373 2553 543 2587 actantius
566 2553 804 2597 acquiescunt]
841 2553 1073 2596 Hieronymus
1098 2553 1134 2585 in
1158 2551 1316 2595 catalogo
1339 2551 1454 2595 script.
1479 2551 1667 2584 ecclesiast.
1691 2550 1733 2583 ad

177 2601 348 2635 Dextrum
363 2599 422 2633 fol.
439 2597 513 2633 123.
539 2598 673 2642 Papias
690 2598 855 2632 Iohannis
871 2599 1010 2631 auditor
1027 2599 1155 2630 dicitur
1179 2598 1266 2629 mille
1292 2609 1452 2629 armorum
1470 2598 1647 2629 iudaicam
1665 2598 1734 2629 edi-

180 2648 268 2681 disse
285 2644 486 2690 δευτέρωσεν,
503 2656 594 2688 quem
611 2646 719 2676 secuti
731 2651 809 2677 sunt
824 2644 997 2682 Irenaeus,
1015 2649 1048 2675 et
1059 2643 1088 2674 A
1090 2643 1308 2687 pollinariua,
1326 2648 1357 2674 et
1369 2644 1506 2682 caeteri,
1523 2645 1581 2686 qui
1591 2649 1671 2686 post
1683 2653 1733 2674 re-

178 2694 417 2726 surrectionem
435 2693 532 2723 aiunt
547 2693 581 2722 in
599 2701 703 2722 carne
720 2701 790 2721 cum
808 2690 939 2721 sanctis
955 2689 1063 2720 domin
1071 2700 1122 2720 um
1146 2693 1375 2731 reynaturum.
1414 2687 1642 2720 'J'ertullianus
1658 2699 1734 2730 quo-

179 2749 241 2784 que
254 2741 291 2771 in
307 2738 394 2770 libro
411 2737 451 2769 de
466 2747 524 2780 epe
533 2735 696 2779 fidelium,
714 2741 745 2767 et
770 2734 959 2767 Victorinus
975 2733 1212 2769 Pie-tamensi&
1230 2739 1261 2765 et
1278 2732 1481 2765 Lactantius
1497 2732 1564 2765 hac·
1579 2735 1735 2776 opinione

180 2785 356 2818 ducuntur.
380 2781 422 2815 Et
438 2782 473 2815 in
490 2780 634 2826 praefat.
653 2780 687 2813 in
704 2779 843 2813 Esaiam
860 2779 919 2812 lib.
933 2777 1057 2812 xvffl.
1082 2778 1141 2812 fol.
1159 2777 1234 2811 213.
1259 2779 1295 2811 in
1317 2777 1484 2811 Ezechiel.
1501 2778 1559 2811 lib.
1573 2777 1634 2811 IX.
1659 2788 1732 2823 cap.

178 2827 541 2909 ffiXXVI.XI}usebius
558 2826 676 2859 eccles.
694 2824 814 2859 histor.
831 2825 890 2858 lib.
904 2823 962 2857 111.
980 2834 1053 2869 cap.
1067 2822 1238 2857 XXXIX.
1262 2823 1477 2868 ›Nicephorus
1495 2822 1657 2856 Callistus
1675 2824 1733 2858 lib.

229 2901 236 2908 .
253 2884 294 2908 ca
322 2901 329 2907 .
420 2900 426 2906 .

219 2885 423 2999 dIreliraeus]
448 2918 533 2952 Vide
550 2918 646 2951 illum
664 2917 722 2950 lib.
735 2916 775 2950 V.
793 2926 868 2962 cap.
881 2915 1031 2951 XXXII.
1056 2919 1089 2949 et
1113 2919 1268 2960 sequent.
1292 2915 1431 2949 edition.
1455 2914 1630 2949 francisci
1646 2915 1732 2950 Fen-

181 2976 218 2999 ar
243 2965 337 3000 entii.

247 3011 496 3054 Tertullianus]
522 3009 560 3042 In
577 3009 771 3053 fragmento
791 3008 866 3041 libri
883 3007 924 3041 de
941 3019 1001 3053 spe
1020 3006 1184 3048 fidelium,
1202 3007 1242 3041 de
1259 3008 1508 3041 resurrectione
1526 3008 1638 3041 carnis
1656 3019 1697 3041 ca

181 3055 307 3098 XXV„
322 3056 486 3090 adversus
502 3056 714 3089 Marcionem
730 3054 788 3087 lib.
805 3054 832 3088 l.
847 3063 920 3098 cap.
935 3052 1070 3087 XXIX.
1083 3053 1141 3088 lib.
1157 3052 1212 3086 [Π.
1226 3064 1255 3086 c.
1268 3052 1396 3087 XXIV.
1414 3053 1471 3087 lib.
1486 3052 1541 3086 IV.
1555 3064 1584 3086 c.
1597 3019 1731 3088 XXIX.
