2052 3374
676 227 726 252 DE
745 224 980 252 HAERESI'BUS
999 223 1121 250 LIBER.
1581 223 1662 264 203

117 331 322 389 paradiso,
342 334 536 386 cognovit
555 345 738 373 uxorem.
771 331 954 372 Credunt
974 342 1068 383 ergo
1092 328 1202 383 quod
1218 329 1386 384 nuptiae
1403 327 1562 368 futurae
1580 340 1665 367 non

117 401 313 453 fuissent,
340 402 377 441 si
401 414 522 441 nemo
550 404 776 455 peccasset.
827 399 937 440 Nudi
957 401 1096 452 itaque
1117 411 1253 438 mares
1274 397 1535 450 feminaeque
1564 409 1663 436 con>-

117 470 303 521 veniunt,
323 469 425 510 nudi
446 469 646 510 lectiones
667 467 863 519 audiunt,
885 467 987 508 nudi
1008 470 1146 519 orant,
1168 465 1268 507 nudi
1291 464 1504 507 celebrant
1525 477 1662 505 sacra-

118 541 274 590 menta,
295 541 337 578 et
358 551 408 578 ex
427 537 505 578 hoc
527 536 768 592 paradisum
789 548 907 577 suam
927 535 1181 576 arbitrantur
1203 534 1434 575 ecclesiam.

201 605 418 647 Elcesaeos
441 610 481 646 et
503 606 746 661 Sampsaeos
767 605 833 646 hic
861 608 1061 658 tanquam
1082 603 1224 644 ordine
1246 616 1319 644 suo
1342 604 1668 644 commemorant

117 673 388 729 Epiphanius,
410 687 511 728 quos
534 674 635 715 dicit
656 689 679 715 a
700 672 880 728 quodam
900 671 1259 727 pseudopropheta
1277 684 1366 712 esse
1385 670 1580 725 deceptos
1598 671 1668 724 qui

118 742 344 784 vocabatur
362 742 466 796 Elei,
488 756 539 784 ex
560 745 676 784 cuius
698 755 846 796 genere
870 741 971 782 duas
992 740 1190 781 mulieres
1207 744 1407 794 tanquam
1423 739 1521 780 deas
1539 738 1590 779 ab
1607 739 1666 779 eis

118 811 310 866 perhibet
329 810 534 852 adoratas.
568 811 714 852 Cetera
734 810 986 852 Hebionaeis
1006 813 1150 849 tenere
1173 808 1335 849 similia.

203 879 478 921 Theodotiani
506 894 531 920 a
560 878 799 921 ¹Theodoto
827 878 1006 932 quodam
1033 878 1215 918 instituti
1241 876 1454 918 hominem
1481 879 1667 916 tantum-

118 947 241 990 modo
263 948 474 989 Christum
494 952 745 989 asseverant.
793 946 911 997 Quod
933 946 1084 987 dieitur
1105 945 1274 999 quidem
1294 944 1552 986 Theodotion
1572 958 1668 999 pro—

119 1020 264 1072 pterea
285 1017 488 1070 docuisse,
511 1018 607 1071 quia
626 1018 670 1057 in
691 1016 979 1071 persecutione
1001 1014 1143 1069 lapsus
1164 1015 1244 1054 isto
1266 1013 1387 1055 modo
1406 1027 1449 1054 se
1468 1026 1588 1054 casus
1606 1014 1669 1053 sui

120 1084 303 1126 devitare
322 1085 497 1141 putabat
518 1085 806 1140 opprobrium,
832 1085 966 1125 sinon
989 1083 1113 1125 deum
1133 1096 1328 1137 negasse,
1358 1081 1431 1123 sed
1458 1082 1669 1122 hominem

119 1153 340 1195 videretur.

202 1221 566 1264 Melchisedec-iani
584 1221 861 1263 Melchisedec
884 1220 1142 1263 sacerdotem
1164 1220 1230 1261 dei
1253 1219 1407 1261 excelsi
1428 1233 1512 1261 non
1533 1218 1668 1260 homi-

119 1303 215 1332 nem
235 1290 378 1344 fuisse,
399 1291 473 1332 sed
492 1292 690 1332 virtutem
712 1290 777 1332 dci
800 1304 890 1331 esse
913 1289 1177 1331 arbit-rantur.

203 1359 524 1402 Bardesanistae
555 1374 580 1400 a
616 1359 796 1414 quodam
825 1358 1085 1410 Bardesane,
1124 1359 1194 1411 qui
1223 1359 1267 1398 in
1299 1356 1487 1398 doctrina
1518 1356 1671 1397 Christi

119 1429 234 1483 prius
265 1429 452 1470 extitisse
478 1428 722 1484 perhibetur
749 1429 945 1481 insignis,
976 1426 1049 1467 sed
1078 1432 1244 1481 postea,
1276 1427 1465 1481 quamvis
1493 1440 1576 1467 non
1598 1439 1671 1481 per

121 1499 274 1550 omnia,
295 1499 339 1538 in
358 1497 570 1539 Valentini
590 1497 798 1537 haeresim
820 1496 984 1551 ¹lapsus
1006 1499 1081 1536 est.

203 1565 397 1608 Notitiam·
418 1580 443 1607 a
463 1565 642 1620 quodam
661 1565 814 1617 Noeto,
836 1566 906 1618 qui
928 1564 1093 1606 dicebat
1113 1563 1324 1604 Christum
1340 1563 1519 1605 eundem
1535 1566 1672 1619 ipsum

121 1648 211 1676 esse
232 1638 395 1690 patrem
415 1639 458 1675 et
477 1635 671 1690 spiritum
692 1638 897 1675 sanctum.

204 1703 361 1744 Valesii
390 1707 432 1744 et
452 1705 612 1758 seipsos
638 1706 823 1743 castrant
851 1708 892 1742 et
919 1701 1104 1757 hospites
1132 1715 1248 1754 suOS,
1276 1701 1354 1742 hoc
1381 1701 1504 1743 modo
1527 1703 1670 1743 existi-

121 1776 284 1814 mantes
306 1772 382 1814 deo
404 1785 449 1813 se
471 1771 620 1813 debere
643 1772 809 1812 servire.
840 1770 934 1812 Alia
955 1784 1115 1825 quoque
1133 1770 1340 1811 haeretica
1357 1769 1503 1811 docere
1523 1770 1670 1812 dicun-

121 1844 189 1882 tur
209 1845 251 1882 et
269 1842 430 1896 turpia3
460 1840 534 1881 sed
561 1853 664 1894 quae
694 1839 765 1879 illa
793 1840 878 1880 sint
905 1852 981 1881 nec
1012 1841 1099 1895 ipse
1131 1841 1468 1881 commemoravit
1487 1839 1669 1896 Epipha-

121 1911 216 1952 nius
236 1923 315 1951 nee
336 1910 501 1964 uspiam
520 1909 635 1964 potui
658 1909 849 1963 reperire.

207 1978 419 2031 ¹Cathari,
450 1979 520 2032 qui
549 1978 707 2031 seipsos
735 1978 814 2017 isto
843 1978 1030 2029 nomine,
1066 1978 1380 2032 quasipropter
1410 1977 1672 2031 munditiam,

122 2047 419 2103 superbissime
451 2051 573 2100 atque
603 2045 863 2086 odiosissime
891 2047 1129 2098 nominant,
1158 2046 1362 2087 secundas
1391 2048 1559 2101 nuptias
1588 2061 1672 2088 non

123 2115 362 2168 admittunt,
382 2115 685 2171 paenitentiam
707 2113 926 2167 denegant,
946 2114 983 2155 N
986 2119 1153 2155 ovatum
1170 2119 1377 2156 sectantes
1395 2114 1670 2166 haereticum3

123 2183 234 2226 unde
257 2185 384 2224 etiam
402 2183 623 2225 Novatiani
645 2181 917 2237 appellantur.

197 2249 417 2306 'Angelici,
446 2253 490 2292 in
519 2250 759 2304 angelorum
787 2250 899 2292 cultu
927 2251 1136 2305 inclinati,
1169 2265 1271 2306 quos
1299 2252 1555 2308 Epiphanius
1587 2255 1671 2295 iam

125 2322 292 2364 omnino
314 2320 517 2362 defecisse
538 2324 725 2361 testatur.

206 2389 457 2445 Apostolici,
485 2390 556 2443 qui
585 2401 628 2429 se
654 2390 734 2430 isto
763 2389 930 2430 nomine
966 2390 1301 2443 arrogantissime
1335 2395 1589 2431 vocaverunt
1623 2405 1669 2433 eo

125 2458 235 2513 quod
254 2459 296 2499 in
319 2472 437 2499 suam
458 2458 793 2499 communionem
814 2471 897 2499 non
918 2459 1152 2513 reciperent
1173 2462 1335 2499 utentes
1364 2459 1607 2512 coniugibus
1630 2466 1670 2500 et

125 2539 191 2568 res
211 2527 398 2582 proprias
419 2525 703 2581 possidentes,
731 2525 873 2580 quales
898 2526 1025 2568 habet
1053 2526 1279 2568 lcatholica
1307 2530 1348 2567 ct
1374 2527 1600 2569 monachos
1630 2533 1670 2569 et

215 2672 298 2718 Cap.
314 2672 464 2707 XXXII.
481 2692 526 2697 ——-
553 2672 652 2705 1.4b
671 2671 873 2730 Epiphanio
881 2675 916 2705 in
934 2674 1055 2706 Anac-e
1080 2673 1234 2707 halaeosi
1254 2672 1351 2706 Εὶκε
1354 2684 1428 2705 ‘saio
1432 2676 1669 2716 3nomimztur,

125 2721 161 2752 in
174 2718 330 2752 Panan'o
347 2714 473 2761 Ἠλξαΐ,
491 2720 525 2750 in
543 2718 692 2750 Panari'i
706 2717 793 2760 Sym»
784 2721 849 2762 »psi
864 2716 926 2751 'ffl
930 2717 975 2757 ξᾶι.
1025 2720 1032 2763 (
1071 2718 1186 2762 ened.)

216 2763 298 2809 Cap.
313 2745 480 2798 XXXIII.
496 2783 540 2788 —
583 2763 610 2796 l
635 2763 732 2795 Edi'ti
754 2761 1004 2805 Theodotione‚
1028 2766 1197 2809 pauloque
1220 2770 1299 2809 post
1325 2764 1415 2798 idem
1445 2764 1668 2801 Theodotion.

127 2808 244 2852 Castiq
247 2815 348 2843 antu-r
363 2821 403 2842 ex
427 2809 593 2842 Vatesscato
609 2822 636 2841 (-
629 2810 733 2841 σφι-,ε’
781 2808 921 2850 (Bened.
931 2812 938 2851 )

217 2853 299 2900 Cap.
315 2854 466 2889 XXXV.
483 2875 527 2879 —
562 2854 589 2887 1.
614 2854 693 2887 Post
714 2854 830 2898 lapsus
847 2860 898 2888 est
914 2857 1051 2888 adi-ecta
1073 2862 1173 2889 erant
1185 2858 1220 2888 in
1237 2867 1366 2889 excusis
1382 2856 1484 2889 tet-ba
1508 2855 1610 2890 haec.-
1632 2861 1670 2891 ut

126 2899 198 2989 ἷῗζὶο
222 2900 407 2988 ageriberet
429 2900 707 2934 conversationes
735 2898 928 2941 hominum;
957 2913 1042 2944 quae
1069 2903 1104 2934 in
1119 2900 1217 2936 MSS.
1240 2904 1361 2934 nostris
1385 2914 1415 2933 n
1414 2914 1447 2933 m
1471 2914 1666 2946 reperimus.

174 2955 236 2979 ene

217 2990 300 3037 Cap.
316 2990 513 3026 XXXVIII
531 3011 574 3016 —
602 2991 628 3024 l.
655 2990 695 3023 In
713 2990 808 3026 MSS.
832 2990 999 3025 Catharoe
1022 2991 1094 3025 sive
1115 2991 1317 3033 Novatiani‚
1341 2993 1399 3038 qui
1423 3003 1459 3026 se
1481 2993 1575 3038 ipsos
1593 3000 1667 3030 cett

132 3035 276 3070 Graecis
289 3042 367 3069 sunt
380 3036 504 3081 Καθαρτ
497 3036 531 3068 ω’.
579 3035 725 3079 (Bened.)

218 3079 300 3126 Cap.
316 3081 390 3115 XL.
409 3102 452 3108 —
478 3083 505 3115 l.
524 3083 566 3115 In
583 3094 611 3115 e
603 3083 681 3114 ι’·Ιιτιε
697 3080 865 3116 catholica
881 3082 1034 3116 ecclesia.
1059 3082 1166 3116 Abest
1180 3083 1287 3117 eccles
1274 3084 1324 3117 ia
1341 3096 1362 3116 a
1379 3083 1476 3118 MSS
1501 3083 1650 3130 (Bened.)

1692 617 1757 650 Cap.
1778 617 1891 642 XXXII.

1693 891 1760 925 Cap.
1779 892 1909 917 XXXIII.

1695 1234 1760 1268 Cap.
1779 1235 1903 1261 XXXIV.

1697 1373 1762 1405 Cap.
1782 1373 1889 1398 xxxv.

1697 1580 1763 1613 Cap.
1783 1580 1907 1605 xxxvi.

1697 1718 1763 1751 Cap.
1783 1718 1920 1744 xxxvu.

1697 1994 1763 2026 Cap.
1783 1995 1936 2021 xxxviii.

1696 2270 1761 2302 Cap.
1777 2270 1900 2296 xxxix.

1696 2408 1761 2436 Can.
1780 2407 1836 2433 XL.
