2052 3374
1630 162 1712 203 375

153 269 296 298 vocatur
312 265 400 308 quod
414 265 463 298 ad
479 265 649 298 vivendum
669 266 721 298 vel
737 266 974 309 vivificandum
992 267 1118 298 animet
1133 276 1263 310 corpus.
1287 264 1520 299 Tertullianus
1538 264 1579 298 de
1596 265 1714 298 am'ma

155 321 193 344 ca
221 336 229 343 .
245 309 302 345 VI.

195 321 356 389 pTertius
396 355 434 388 ui
449 356 492 388 ab
510 356 668 401 apostolo
685 355 856 390 inducitur
872 356 1030 402 spiritus]
1067 356 1300 400 Hieronymus
1319 356 1362 389 ad
1377 356 1560 390 Hedibiam
1578 360 1712 401 quaest.

154 401 233 436 XII.
252 401 352 446 epist.
371 365 437 436 gL.
454 400 514 435 fol.
532 401 609 435 423.
633 402 712 434 Alli
735 403 902 446 triplicem
926 405 962 435 iu
985 402 1114 435 homine
1138 403 1251 434 volunt
1273 404 1453 446 affirmare
1474 402 1709 436 substantiam.

152 447 303 492 Spiritu-3
317 459 378 490 quo
393 451 568 489 sentimus,
595 450 730 480 animae
754 460 819 492 qua
836 450 995 488 vicimus,
1021 450 1174 492 corporis
1198 461 1258 492 quo
1275 449 1478 482 incedimus:
1502 453 1580 480 sunt
1600 451 1658 492 qui
1673 460 1712 480 ez

155 495 271 526 anima
288 498 415 525 tantum
433 498 465 525 et
476 504 620 537 corpore
631 494 808 526 subsistere
825 492 985 526 hominem
1001 494 1209 533 disserentes,
1226 496 1382 538 spiritum
1401 497 1433 526 in
1452 506 1488 526 eo
1503 496 1634 526 tertium
1648 506 1712 527 non

152 539 375 572 substantiam
393 539 498 572 velint
512 539 666 582 intclliyi,
684 540 746 572 sed
760 540 993 583 efficientiam,
1013 551 1080 583 per
1103 551 1199 583 quam
1225 546 1257 572 et
1272 551 1361 571 mens
1379 542 1411 572 iu
1430 540 1523 572 nobis
1540 545 1571 572 et
1585 551 1710 579 sensus,

153 589 187 617 et
201 585 373 627 cogitatio,
391 590 423 617 et
437 587 569 617 animus
585 585 821 629 appellantur.-
839 590 871 617 et
886 587 996 628 utique
1014 597 1075 617 non
1092 590 1170 617 sunt
1181 585 1456 625 tot-substantiae,
1475 591 1552 630 quot
1564 588 1709 619 nomina.

154 629 297 675 Cumque
311 630 400 663 illud
415 633 464 663 eis·
480 633 665 675 oppositum
673 632 803 674 fuerit.-
828 630 1012 663 benedicite
1027 633 1169 674 spiritus
1186 636 1218 663 et
1232 633 1367 663 animae
1385 633 1543 663 iustorum
1562 632 1710 664 domino:

151 677 364 720 scripturam
382 688 444 708 non
461 678 647 721 recipiunt,
672 677 820 710 dicentes
841 688 916 708 eam
940 678 973 708 in
999 675 1159 709 hebraico
1185 688 1247 709 non
1272 676 1402 711 haberi.
1443 676 1517 710 ,Vos-
1542 683 1651 710 autem
1676 679 1711 709 in

149 723 326 766 praesenti
339 721 421 761 loco,
438 727 475 754 ut
489 734 595 766 supra
614 722 775 761 diximus,
799 723 957 765 spiritum
981 723 1039 766 qui
1062 733 1133 754 cum
1152 724 1267 754 anima
1285 728 1318 754 et
1333 734 1472 766 corpore
1488 725 1618 766 iuteqer
1635 734 1711 755 con-

151 771 319 807 servatur,
338 779 401 800 non
417 767 640 800 sub-stantiam
653 769 794 812 spiritus
809 769 932 807 sancti,
951 779 1036 811 quae
1050 779 1112 799 uon
1122 773 1233 811 potest
1248 770 1397 808 interire,
1416 769 1477 800 sed
1486 770 1625 812 ytatius
1641 771 1712 801 eius

153 813 412 857 donationesque
428 815 634 858 accipimus:
652 824 737 857 quae
754 818 870 846 nostra
888 813 942 845 vel
957 815 1079 845 virtute
1095 814 1149 845 rel
1165 815 1244 846 citio
1268 819 1301 846 et
1324 815 1577 854 accenduntur,
1603 820 1636 847 et
1658 826 1711 847 eac-

153 861 348 902 tinyuuntur
364 861 399 891 in
417 859 519 893 nobis.

220 903 302 949 Cap.
318 903 416 939 XXI.
434 925 479 930 —
516 903 684 939 Libertati
707 903 853 947 arbitris]
893 903 965 937 Hoc
996 907 1099 948 caput
1127 904 1302 949 integrum
1333 905 1518 950 exscripsit
1545 905 1710 939 Rabanus

150 949 294 984 Mantus
311 949 353 984 de
369 961 472 984 serm.
487 950 650 995 propriet.
672 950 731 984 lib.
748 949 804 983 IV.
823 960 850 983 c.
866 949 913 984 X.
941 954 974 983 et
994 948 1217 983 Bernhardus
1243 950 1283 983 de
1306 951 1460 984 interiori
1484 951 1585 984 domo
1609 962 1637 984 c.
1655 951 1709 986 69.

150 995 213 1029 fol.
230 994 327 1030 1093.
364 996 473 1029 Autor
491 995 532 1029 de
548 996 671 1040 spiritu
688 999 722 1029 et
738 996 855 1029 anima
873 1006 900 1030 c,
917 995 1072 1030 XLVIII.
1110 995 1284 1028 Libertati
1299 997 1440 1028 arbitrii
1454 999 1508 1029 sui
1520 1000 1712 1030 commissus

152 1039 204 1074 est
216 1041 329 1075 homo.-
348 1047 526 1086 postquam
551 1054 627 1075 cero
653 1043 846 1086 deceptione
868 1044 1033 1086 serpentis
1054 1053 1118 1086 per
1134 1041 1245 1074 Eram
1264 1043 1403 1081 cecidit,
1430 1048 1576 1075 naturae
1593 1043 1709 1076 bonum

145 1088 317 1132 perdidit,
335 1089 474 1132 pariter
496 1093 529 1120 et
549 1089 696 1131 riqorem
717 1087 877 1120 arbitrii.-
902 1100 966 1120 non
990 1093 1099 1120 tamen
1122 1088 1330 1127 electionem,
1357 1100 1396 1119 ne
1418 1100 1480 1120 nou
1507 1095 1592 1121 esset
1606 1100 1709 1128 suum,

151 1133 240 1178 quod
254 1134 449 1166 emendaret
457 1139 650 1177 peccatum.
673 1133 795 1166 Manet
806 1135 918 1178 itaque
935 1134 984 1166 ad
999 1134 1228 1177 quaerendam
1243 1134 1382 1166 salutem
1402 1134 1544 1166 arbitrii
1559 1134 1709 1174 libertas,

151 1179 190 1212 id
202 1183 258 1219 est,
275 1181 422 1213 rationis
434 1179 599 1218 voluntas,
615 1180 677 1211 sed
689 1180 884 1212 admonente
894 1181 996 1223 prius
1009 1180 1069 1212 deo
1083 1185 1115 1212 et
1126 1181 1317 1223 inspirante
1330 1180 1379 1212 ad
1389 1180 1542 1213 salutem.
1575 1178 1618 1212 Ut
1632 1191 1710 1223 erqo

152 1226 408 1269 aequiescamus
423 1225 575 1257 salutari
588 1227 826 1269 inspiratiom',
852 1231 986 1258 nostrae
1006 1227 1186 1269 potestati-3
1210 1231 1275 1257 est.-
1297 1230 1335 1257 ut
1349 1226 1601 1269 adipiscamur,
1625 1227 1713 1270 quod

151 1271 304 1314 adipisci
318 1271 560 1311 desideramus,
578 1271 688 1303 dii-ini
704 1277 753 1304 est
767 1273 928 1310 muneris-,-
951 1276 989 1303 ut
1010 1283 1073 1304 non
1098 1271 1257 1303 labamur
1281 1271 1403 1314 adepto
1426 1272 1550 1303 salutis
1567 1283 1709 1312 munere,

151 1321 288 1350 nostrae
304 1316 544 1349 sollicitudinis
561 1322 611 1349 est
625 1322 656 1349 et
672 1317 828 1350 caelestis
846 1317 1032 1349 adiutorii:
1049 1322 1088 1349 ut
1101 1316 1259 1349 labamur
1268 1319 1451 1360 potestatis·
1464 1323 1600 1350 nostrae
1618 1323 1667 1349 est
1681 1323 1713 1349 et

150 1363 324 1405 1'9naviae.
346 1360 558 1395 Athanasius
575 1362 611 1395 in
629 1366 714 1396 orat.
733 1361 777 1395 ad
795 1361 932 1396 Gentes.
957 1361 1158 1405 Hieronym.
1183 1362 1347 1395 adversus
1365 1360 1525 1395 haereses
1541 1361 1709 1396 Iovinian.

149 1407 209 1442 lib.
222 1406 248 1442 Ι.
265 1417 342 1453 cap.
356 1406 398 1441 H.
421 1407 575 1441 Iustinus
592 1408 629 1441 in
645 1407 772 1452 dialog.
790 1419 870 1441 cum
887 1406 1070 1452 Tryphone
1087 1407 1224 1442 Iudaeo.
1243 1407 1302 1440 fol.
1316 1407 1391 1442 ⁶247.
1411 1413 1444 1440 et
1461 1407 1537 1440 ³257.
1553 1408 1589 1441 iu
1607 1419 1710 1453 quae-

151 1453 253 1488 stion.
270 1457 304 1486 et
315 1464 470 1498 respons.
485 1453 528 1486 ad
541 1452 724 1488 orthodoir.
767 1458 876 1487 uaest.
889 1453 978 1487 vm.
993 1453 1052 1486 fol.
1065 1453 1142 1486 310.
1167 1453 1400 1486 Tertullianus
1419 1453 1551 1488 advers.
1565 1454 1710 1488 Marcio-

150 1510 232 1532 nem
246 1499 306 1534 Iib.
325 1498 357 1534 2.
376 1509 450 1544 cap.
464 1499 504 1533 V.
521 1504 555 1533 et
573 1498 628 1533 VI.
659 1499 748 1544 Epip
774 1499 874 1532 anius
899 1503 1019 1532 contra
1039 1498 1243 1532 Pharisaeos
1267 1497 1507 1533 hae1-es.XY1.
1541 1498 1709 1544 Origenes

150 1543 221 1588 περὶ
237 1541 350 1590 ἀρχῶν
365 1544 425 1579 lib.
440 1544 465 1578 Ι.
481 1545 518 1578 in
530 1545 724 1590 proloquio.
743 1544 956 1579 Gaudentius
973 1549 1071 1579 tract.
1084 1544 1163 1580 XII.
1182 1544 1223 1578 de
1240 1545 1353 1578 verbis
1368 1545 1533 1589 Evangel.
1550 1556 1640 1578 nunc
1658 1546 1709 1578 iu-

150 1590 278 1624 dicium
291 1594 344 1624 est
354 1589 458 1624 huius
470 1590 592 1624 mundi
608 1596 671 1624 etc.
695 1590 878 1624 Nemesius
895 1589 966 1635 περὶ
984 1590 1109 1634 φύσεως
1127 1589 1299 1634 ἀνθρώπω
1317 1601 1392 1634 cap.
1406 1590 1578 1623 XXXIX.
1610 1590 1708 1624 Philo

149 1636 185 1670 in
200 1635 260 1670 lib.
293 1635 393 1677 Quod
405 1635 488 1670 deus
503 1636 730 1670 immutabilis
747 1637 801 1670 sit.
846 1636 956 1670 Autor
984 1636 1025 1670 de
1048 1637 1215 1670 incarnat.
1239 1636 1335 1670 verbi
1358 1636 1450 1681 apud
1474 1637 1710 1681 Augustinum

149 1686 232 1716 tom.
245 1681 303 1716 IV.
322 1692 397 1727 cap.
411 1681 453 1715 H.
469 1681 528 1716 fol.
543 1682 619 1717 660.

215 1727 367 1761 Perdidit
381 1727 537 1772 vigorem
554 1728 695 1769 arbitrii,
711 1740 782 1762 non
799 1731 915 1761 tamen
933 1728 1152 1771 electionem]
1177 1727 1252 1762 Vid.
1269 1727 1540 1772 Chrysostomus
1556 1729 1589 1761 in
1608 1729 1709 1773 epist.

148 1773 248 1808 Pauli
263 1773 308 1807 ad
323 1773 498 1807 Hebraeos
516 1785 554 1807 ca
583 1803 590 1808 .
607 1773 694 1808 VIII.
710 1773 829 1808 homil.
846 1773 939 1807 XVI.
971 1773 1119 1807 Faustus
1137 1774 1178 1807 de
1194 1774 1301 1808 libero
1318 1774 1418 1808 arbit.
1434 1774 1493 1808 lib.
1511 1773 1538 1808 I.
1557 1785 1629 1819 cap.
1646 1774 1708 1808 IX.

148 1819 284 1854 Aeneas
303 1818 459 1853 Gazaeus
474 1819 510 1853 in
527 1785 762 1865 Theophrasto
779 1819 839 1854 fol.
858 1819 910 1853 73.

215 1865 358 1899 Initium
370 1875 453 1910 ergo
467 1866 588 1899 salutis
601 1867 756 1908 nostrae]
773 1865 880 1900 Docte
896 1865 1083 1910 Gregorius
1095 1864 1302 1899 Nazianzen.
1321 1870 1404 1899 orat.
1417 1865 1552 1899 XXXI.
1565 1865 1709 1899 f01.715.

217 1910 314 1953 Quae
329 1915 521 1956 sequuntur
537 1912 650 1956 capita
667 1922 776 1956 usque
790 1911 833 1944 ad
850 1923 878 1944 c.
895 1911 964 1946 LII.
981 1911 1018 1944 in
1033 1911 1109 1946 MS.
1127 1922 1199 1945 non
1216 1916 1349 1946 extant.
1400 1911 1489 1945 Sunt
1513 1915 1629 1944 autern
1653 1911 1709 1945 de-

151 1961 290 2002 sumpta
314 1957 358 1991 ad
373 1957 518 1991 verbum
540 1968 585 1991 ex
609 1957 772 1990 decretali
794 1957 939 2002 epistola
958 1956 1144 1991 Coelestini
1159 1956 1222 1991 PP.
1239 1956 1265 1991 Ι.
1291 1957 1333 1990 ad
1353 1956 1484 1991 Galliae
1507 1958 1657 2002 episcop.
1677 1962 1710 1991 et

151 2014 196 2037 ex
213 2002 344 2037 Concil.
360 2003 573 2043 Milevitano,
590 2003 764 2044 Africano,
783 2007 817 2036 et
832 2003 1046 2036 Arausicano
1063 2002 1104 2036 II.
1121 2007 1160 2036 ut
1177 2003 1247 2036 suis
1265 2003 1350 2036 locis
1367 2003 1578 2037 notavimus.

218 2048 301 2094 Cap.
318 2047 435 2083 XXII.
450 2069 494 2073 —
517 2048 731 2082 Firmissime
748 2048 970 2094 credendum]
996 2047 1212 2082 Coelestinus
1227 2048 1292 2082 ΡΡ.
1307 2048 1333 2084 Ι.
1351 2049 1498 2094 epistola
1515 2049 1558 2082 ad
1577 2048 1710 2083 Galliae

150 2095 301 2140 episcop.
317 2098 402 2128 tom.
417 2093 443 2127 Ι.
461 2093 589 2128 Concil.
607 2105 636 2127 c.
653 2094 710 2128 IV.
726 2094 786 2128 fol.
803 2094 880 2130 523.

151 2185 192 2220 de
218 2139 445 2219 Cap.X]x{(III.
461 2159 505 2165 —-
543 2139 725 2175 Neminem
742 2151 818 2174 esse
839 2151 900 2186 per
917 2141 1143 2186 semetipsum
1165 2140 1312 2185 bonum]
1353 2140 1376 2174 C
1382 2141 1568 2175 celestinus
1592 2141 1655 2174 ΡΡ.
1673 2141 1706 2174 iu

194 2186 296 2220 cretis
312 2196 342 2220 0.
392 2211 399 2219 .

218 2230 300 2277 Gap.
318 2230 448 2265 XXIV.
466 2251 510 2257 --
544 2230 728 2266 Neminem
745 2232 849 2266 etiam
865 2232 1084 2278 baptismatis
1101 2233 1212 2278 gratia
1228 2234 1448 2276 renovatum]
1491 2231 1706 2266 Coelestinus

149 2277 213 2311 ΡΡ.
229 2277 267 2310 in
283 2276 427 2311 decretis
445 2287 474 2310 0.
492 2277 547 2311 Π.

219 2321 302 2368 Cap.
319 2322 434 2356 XXV.
453 2342 498 2347 -
532 2322 632 2364 Quod
653 2335 754 2358 nemo
779 2324 847 2358 m'si
874 2336 935 2370 per
957 2324 1133 2359 Christum
1155 2325 1262 2360 libero
1287 2325 1375 2359 bene
1404 2329 1520 2359 utatur
1551 2325 1708 2368 arbitrio]

151 2368 369 2404 Coelestinus
386 2367 450 2403 ΡΡ.
466 2369 502 2402 in
519 2369 665 2402 decretis
682 2380 711 2403 c.
728 2369 801 2404 VII.

217 2413 313 2448 Idem
327 2414 497 2459 magister
511 2415 548 2448 iu
564 2415 709 2460 epistola
725 2415 767 2449 ad
783 2416 1024 2450 Milevitanum
1041 2418 1242 2461 concilium]
1275 2417 1381 2452 Extat
1397 2416 1499 2450 huius
1516 2416 1709 2450 Innocentii

149 2459 213 2495 ΡΡ.
230 2459 256 2495 Ι.
273 2459 373 2505 epist.
391 2459 434 2492 ad
449 2460 638 2494 Mnevitan.
657 2461 778 2495 concil.
793 2466 878 2496 tom.
893 2462 919 2496 Ι.
937 2463 1060 2498 concil.
1077 2463 1136 2498 fol.
1153 2463 1231 2496 474.

219 2505 302 2552 Cap.
318 2505 449 2540 XXVI.
465 2525 508 2530 —
541 2505 639 2546 Quod
657 2507 773 2540 omnia
789 2508 912 2549 studia,
930 2519 1033 2554 opera
1049 2520 1088 2542 ac
1105 2509 1244 2552 merita]
1284 2508 1499 2542 Coelestinus
1515 2507 1579 2542 ΡΡ.
1599 2509 1633 2541 in
1651 2508 1706 2541 de-

151 2552 253 2586 cretis
271 2562 298 2585 c.
314 2550 405 2585 VIII.
453 2550 574 2585 Petrus
592 2551 766 2586 Diaconus
784 2553 825 2587 de
842 2554 1012 2589 incarnat.
1028 2559 1061 2588 et
1075 2555 1188 2599 gratia
1203 2554 1335 2588 domini
1352 2565 1379 2587 c.
1397 2553 1488 2588 VIII.

216 2597 332 2643 Papae
348 2596 478 2630 Zosimi
494 2597 662 2642 regularis
679 2599 863 2642 autoritas]
886 2600 977 2633 Haec
995 2601 1142 2645 epistola
1159 2600 1288 2634 Zosimi
1307 2599 1421 2644 Papae
1445 2599 1535 2632 edita
1554 2599 1707 2633 nondum

151 2646 219 2685 est;
235 2643 454 2688 Augustinus
472 2642 607 2687 epistol.
627 2642 755 2679 CLVII.
773 2645 817 2678 ad
834 2644 999 2690 Optatum
1017 2647 1122 2679 etiam
1136 2646 1229 2679 illius
1245 2645 1413 2678 meminit.

219 2687 302 2734 Cap.
317 2687 466 2723 XXVII.
482 2707 525 2712 -—
560 2688 611 2722 Ita
628 2688 712 2722 deus
728 2690 764 2723 in
781 2691 938 2724 cordibus
954 2690 1149 2736 homiuum]
1191 2690 1407 2724 coelestinus
1423 2689 1486 2724 ΡΡ.
1509 2691 1544 2724 in
1562 2690 1706 2724 decretis

151 2745 179 2769 c.
197 2734 260 2768 IX.
283 2734 404 2768 Petrus
421 2733 595 2767 Diaconus
613 2733 653 2768 de
670 2735 837 2769 incarnat.
855 2736 986 2770 domini
1003 2748 1030 2770 c.
1049 2736 1137 2770 VIII.

219 2779 302 2826 Cap.
316 2778 480 2815 XXVIII.
497 2799 541 2805 —
569 2779 772 2826 Quicunque
787 2781 914 2816 dixerit
929 2784 1076 2828 gratiam
1094 2783 1161 2825 dei]
1200 2781 1329 2816 Concil.
1346 2782 1585 2816 Milevitanum
1604 2793 1631 2815 c.
1648 2781 1705 2816 111.

149 2825 300 2868 Placuit,
315 2832 353 2860 ut
366 2828 549 2872 quicunque
567 2827 694 2860 dixerit
705 2830 857 2871 qratiam
874 2829 939 2869 dei,
955 2832 991 2862 in
1008 2841 1073 2874 qua
1091 2829 1315 2872 iustificamur
1326 2840 1391 2873 per
1407 2828 1518 2861 Iesum
1537 2827 1705 2862 Cleri-stum

151 2872 318 2906 dominum
335 2878 491 2911 nostrum,
510 2872 559 2905 ad
572 2872 677 2905 solam
694 2875 919 2908 remissionem
930 2881 1151 2919 peccatorum
1170 2875 1301 2914 valere,
1327 2886 1411 2919 quae
1436 2877 1503 2906 iam
1530 2876 1705 2906 commissa

151 2923 236 2958 eunt,
250 2929 314 2951 non
330 2921 431 2952 etiam
449 2918 498 2950 ad
513 2918 735 2958 adiutorium,
753 2925 790 2952 ut
805 2932 866 2953 non
884 2924 1144 2959 committantur,
1163 2919 1345 2953 anathema
1362 2922 1415 2953 sit.
1442 2917 1624 2952 Caelestin.
1640 2918 1704 2952 ΡΡ.

150 2963 188 2996 in
204 2962 328 2998 decret.
346 2974 419 3007 cap.
433 2962 478 2997 X.
505 2961 637 3007 Corpus
656 2961 786 2999 Canon.
809 2970 897 3009 part.
910 2965 966 2999 III.
994 2976 1068 3009 cap.
1085 2964 1195 2998 CLlV.
1213 2965 1361 2999 distinct.
1378 2964 1431 2997 IV.
1458 2964 1498 2998 de
1516 2969 1704 2999 consecrat.

151 3007 372 3043 Burchardus
387 3008 657 3042 Wonnaciensis
676 3009 857 3056 episcopus
874 3011 999 3045 decret.
1016 3011 1075 3045 lib.
1091 3010 1131 3045 11.
1149 3021 1222 3057 cap.
1236 3009 1359 3044 XVIII.
