2052 3374
750 123 866 149 LIBER
883 123 1028 150 PRIMUS.
1583 125 1664 167 253

201 227 547 281 Quinquagesima
568 227 749 269 secunda
776 227 960 269 haeresis
980 228 1394 281 Macedonianorum,
1421 242 1446 268 a
1471 227 1664 269 Macedo-

114 296 199 336 nio.
235 294 322 337 Hos
342 294 741 337 Pneumatomachos
762 296 973 352 appellant
992 311 1066 352 per
1087 298 1289 338 orientem
1309 298 1460 350 nostri,
1488 310 1535 337 eo
1556 295 1666 351 quod

117 362 168 405 de
189 364 338 418 spiritu
359 369 501 406 sancto
523 365 698 418 litigent.
729 364 836 406 Nam
858 364 907 406 de
927 369 1045 420 patre
1069 370 1108 406 et
1129 365 1212 406 filio
1229 370 1339 407 recte
1357 367 1557 418 sentiunt,
1578 366 1663 420 spi—

115 432 243 473 ritum
261 446 359 474 vero
382 437 571 474 sanctum
592 433 738 474 nolunt
761 433 926 474 credere
946 433 1082 487 deum,
1105 439 1336 476 creaturam
1353 448 1447 475 eum
1464 433 1662 475 dicentes.

116 499 347 542 ¹Philaster
377 500 521 542 scribit
541 501 831 543 Macedonium
862 502 1055 556 spiritum
1084 508 1276 544 sanctum
1307 503 1505 545 deitatem
1534 504 1664 558 patris

116 572 159 610 et
177 568 253 610 filii
274 568 424 611 dicere.
477 571 561 620 Quo
585 570 694 612 dicto
716 569 933 611 2videntur
953 572 1250 625 proprietatem
1272 585 1389 613 suam
1411 576 1554 613 sancto
1578 572 1664 627 spi-

115 638 215 679 ritui
236 637 452 692 denegare.
483 637 598 692 ³Egit
619 643 763 680 contra
782 638 857 679 hos
879 638 1062 692 synodus
1084 639 1279 681 Nicaena.

203 707 551 761 Quinquagesima
569 708 692 748 tertia
718 707 903 748 haeresis
924 706 1220 761 Aer-ianorum⁷
1249 708 1300 749 ab
1321 709 1442 751 A‘erio
1466 708 1665 763 quodam:

117 774 188 830 qui
207 788 303 816 cum
323 779 433 816 esset
452 775 689 830 presbyter,
717 775 895 816 doluisse
926 775 1057 816 fertur
1078 775 1188 830 quod
1208 790 1292 818 non
1314 783 1424 818 esset
1445 779 1666 832 episcopus

118 842 344 886 ordinatus.
388 843 534 899 Coepit
554 843 699 885 docere
720 857 804 885 non
826 843 976 885 debere
997 858 1070 899 pro
1093 844 1395 886 dormientibus
1417 847 1567 899 offerri,
1588 860 1664 887 nec

116 915 273 954 statuta
294 911 542 954 celebranda
563 926 653 954 esse
673 913 849 965 ieiunia⁷
871 912 944 954 sed
967 926 1061 954 cum
1083 914 1257 968 quisque
1278 913 1455 955 voluerit
1474 916 1664 956 ieiunan-

117 979 237 1034 dum,
262 994 316 1021 ne
336 980 526 1022 videatur
555 995 645 1022 esse
673 981 750 1023 sub
778 981 882 1035 lege.
931 981 1229 1035 Presbyterum
1256 982 1307 1023 ab
1337 984 1530 1038 episcopo
1552 983 1667 1024 nulla

117 1048 352 1090 differentia
373 1048 522 1091 debere
545 1048 737 1103 discerni,
760 1054 801 1090 et
821 1064 906 1091 non
927 1049 1094 1092 admitti
1114 1050 1166 1092 ad
1189 1053 1525 1093 communionem
1548 1066 1666 1094 suam

115 1118 199 1159 nisi
218 1132 243 1159 a
263 1119 453 1172 coniugio
475 1118 746 1160 abstinentes.

201 1187 552 1241 Quinquagesima
572 1191 613 1228 et
633 1191 779 1242 quarta
799 1186 985 1228 haeresis
1006 1187 1197 1241 Ae'tiana‚
1219 1189 1270 1230 ab
1287 1189 1406 1231 Ae‘tio
1424 1195 1582 1231 vocata.
1613 1190 1666 1231 Hi

118 1269 213 1298 cum
231 1255 433 1297 Eunomio
463 1255 710 1297 dissimilem
735 1269 810 1311 per
839 1255 978 1297 omnia
1006 1258 1114 1311 patri
1142 1257 1275 1299 filium
1304 1258 1599 1312 ¹confitentur‚
1627 1262 1669 1299 et

118 1323 283 1378 dicunt,
315 1325 563 1378 quicumque
598 1329 763 1366 nostrae
800 1324 897 1365 fidei
930 1327 1214 1379 consentiunt,
1244 1328 1379 1367 sciant
1415 1327 1494 1368 sibi
1530 1325 1669 1368 2nulla

119 1393 265 1436 obesse
286 1397 470 1448 peccata,
492 1406 775 1448 quaecumque
797 1393 848 1434 ab
872 1395 930 1434 eis
952 1394 1106 1435 fuerint
1126 1400 1374 1450 perpetrata.
1422 1395 1573 1437 Contra
1592 1396 1667 1438 hos

119 1461 302 1517 synodus
322 1461 397 1502 XX
417 1463 704 1517 episcoporum
725 1463 808 1516 egit
829 1464 872 1503 in
893 1462 1062 1503 Achaia.

203 1531 551 1585 Quinquagesima
585 1535 626 1572 et
661 1532 806 1585 quinta
840 1530 1025 1572 haeresis
1059 1531 1456 1587 Apollinaristarum
1491 1539 1575 1587 est,
1617 1534 1668 1576 ab

117 1598 358 1655 Apollinare
379 1599 584 1642 inchoata.
636 1599 798 1653 Negant
824 1598 1037 1640 hominem
1063 1601 1295 1656 perfectum
1317 1603 1360 1642 in
1383 1602 1567 1655 Christo,
1596 1601 1669 1644 sed

118 1667 452 1723 adsumptionem
474 1670 611 1710 carnis
632 1670 690 1709 ita
711 1669 878 1721 factam7
899 1674 944 1710 ut
965 1670 1076 1710 intus
1099 1671 1142 1710 in
1162 1669 1329 1711 homine
1350 1684 1424 1725 pro
1446 1672 1585 1711 anima
1606 1670 1668 1712 di-

118 1737 271 1778 vinitas
292 1741 413 1779 esset.
465 1737 643 1778 Carnem
669 1741 809 1777 autem
838 1742 879 1778 et
899 1737 1071 1778 verbum
1103 1740 1226 1779 unius
1248 1738 1518 1793 eiusdemque
1540 1739 1670 1781 voluit

120 1804 268 1848 docere
296 1806 566 1847 substantiae.
618 1806 1005 1847 Contentiosissime
1036 1806 1279 1847 adserentes
1319 1807 1331 1830 ¹
1354 1807 1533 1849 Verbum
1569 1823 1669 1850 earo

116 1874 280 1926 factum
299 1882 376 1927 est,
404 1874 550 1916 volunt
577 1874 722 1916 docere
751 1873 909 1927 aliquid
937 1874 986 1916 de
1008 1875 1134 1917 verbo
1155 1877 1198 1916 in
1222 1889 1390 1917 earnem
1411 1891 1668 1918 conversum.

118 1942 295 1998 Insuper
322 1944 447 1984 etiam
476 1942 525 1984 de
552 1943 705 1984 Mariae
735 1956 856 1983 carne
885 1943 989 1984 nihil
1018 1957 1109 1986 esse
1139 1950 1379 2000 susceptum
1404 1947 1448 1986 in
1475 1948 1669 1988 incarna—

119 2012 231 2054 tione
253 2011 411 2053 domini
430 2013 560 2053 nostri
580 2012 674 2052 Iesu
691 2010 845 2053 Christi
867 2012 1124 2054 confirmant.
1156 2013 1251 2067 Egit
1271 2018 1416 2055 contra
1435 2014 1546 2056 hunc
1570 2029 1668 2070 syn-

120 2079 224 2122 odus
244 2081 288 2122 in
308 2079 540 2122 Antiochia.

203 2149 254 2190 In
275 2149 616 2203 quinquagesima
638 2152 755 2189 sexta
775 2148 937 2190 haeresi
957 2150 1332 2193 Antidicomaritae
1354 2151 1551 2207 appellati
1573 2158 1670 2194 sunt

120 2216 341 2270 haeretici⁷
369 2218 439 2270 qui
459 2216 611 2258 Mariae
639 2218 867 2271 virginitati
889 2231 1019 2272 usque
1041 2219 1143 2261 adeo
1166 2220 1458 2261 contradicunt
1476 2225 1524 2261 ut
1544 2221 1668 2262 adfir-

120 2289 238 2328 ment
259 2299 351 2327 eam
371 2289 466 2340 post
487 2284 697 2326 Christum
720 2290 862 2327 natum
884 2288 973 2328 viro
994 2287 1123 2329 fuisse
1145 2290 1424 2330 commixtam.
1456 2289 1551 2344 Egit-
1572 2304 1669 2332 con-

120 2358 186 2396 tra
205 2353 282 2396 hos
303 2353 542 2395 Theodotus
566 2353 740 2408 Cyprius
761 2356 992 2410 episcopus.

205 2423 601 2476 Quinquagesimam
628 2427 669 2462 et
696 2424 915 2477 septimam
944 2424 1158 2466 haeresem
1179 2425 1524 2468 Messalianorum
1553 2429 1670 2469 inve-

122 2491 273 2533 nimus.
323 2490 440 2542 Quod
466 2504 618 2532 nomen
646 2504 696 2531 ex
724 2490 863 2545 lingua
884 2491 988 2547 Syra
1014 2498 1098 2546 est,
1128 2495 1281 2536 Graece
1311 2498 1449 2535 autem
1479 2495 1672 2536 dicuntur

121 2558 339 2613 Euchitae‚
367 2559 419 2602 ab
448 2559 601 2602 orando
632 2560 691 2602 sic
719 2560 928 2615 appellati.
978 2562 1093 2604 1Νοι]
1121 2562 1325 2617 psallunt,
1360 2564 1510 2616 iugiter
1538 2568 1668 2605 orant.

189 2706 272 2752 Cap.
286 2704 358 2740 LII.
375 2726 419 2731 —-
450 2706 477 2740 l.
496 2706 600 2739 Immo
618 2706 827 2749 Auqnstimm
843 2709 883 2741 de
901 2707 1109 2741 Haeresihus
1126 2721 1201 2753 rap.
1220 2707 1276 2742 52.
1348 2708 1377 2743 2.
1396 2709 1555 2743 videntur
1579 2710 1671 2744 f'ote-

123 2752 226 2786 lerina
239 2752 383 2785 silenum.
403 2752 499 2786 Eeel.
520 2754 579 2786 (ἰν.
599 2759 672 2786 tom.
693 2753 722 2786 I.
745 2765 780 2797 p.
799 2753 874 2788 783.
899 2754 1032 2787 videtur
1057 2756 1131 2788 edd.
1148 2757 1248 2787 Sirm.
1271 2755 1433 2788 Galland.
1503 2757 1534 2788 1⁹».
1561 2755 1671 2789 Verba

123 2796 151 2831 E
179 2798 203 2831 't
220 2802 338 2832 contra
355 2797 417 2831 hos
434 2798 586 2842 synodus
606 2797 774 2839 Nicaena,
797 2811 880 2843 quae
897 2801 1017 2832 ‹ib-suut
1033 2801 1075 2832 nb
1094 2802 1167 2833 edel.
1181 2800 1282 2834 Sirm.
1305 2801 1486 2840 Galluml„
1506 2803 1621 2835 adieri
1633 2814 1672 2834 ex

159 2842 376 2934 SCffssthV.
393 2909 436 2914 —
457 2889 483 2922 1.
501 2889 706 2922 confitentes
723 2889 838 2923 dicunt
855 2890 927 2925 MS.
946 2892 1035 2935 Any.
1083 2890 1114 2924 ⁶2.
1128 2891 1222 2925 nulla
1240 2903 1341 2936 posse
1359 2891 1479 2925 obesse
1496 2892 1569 2925 MS.
1581 2893 1669 2937 Auq.

192 2933 274 3024 (ἐξ.
289 2933 390 3014 ὲῖΙΠΙ.
408 2935 468 3004 —l
484 2934 791 3014 {eikallhlssgmbit
813 2981 842 3016 I.
865 2982 904 3015 Β.
923 2982 1106 3015 G1teler1‘u8
1123 2982 1266 3016 Monam.
1293 2983 1388 3016 Eecl.
1418 2983 1477 3017 Gr.
1497 2983 1527 3023 1,
1541 2995 1576 3027 p.
1595 2982 1671 3018 784.

1690 237 1758 270 Cap.
1776 237 1838 262 LII.

1691 717 1757 750 Cap.
1776 716 1849 742 LIII.

1693 1198 1760 1232 Cap.
1778 1198 1852 1224 LIV.

1694 1541 1761 1574 Cap.
1781 1542 1837 1566 Lv.

1696 2158 1762 2191 Cap.
1783 2158 1854 2183 LVI.

1697 2433 1762 2464 cas..
1783 2431 1870 2457 nvn.
