2052 3342
342 203 417 243 142
1019 199 1216 226 PmLAS‘rRr

337 310 400 346 tae
423 305 585 346 diversa
606 303 753 356 gaudia
782 302 1035 358 psalmorum
1062 307 1173 344 recte
1205 317 1230 344 a
1258 302 1424 345 domino
1453 306 1664 360 impertita
1682 307 1791 345 sunt.
1837 303 1882 346 Si

337 388 430 421 ergo
455 378 495 413 et
517 373 689 413 aliorum
718 373 985 413 inveniuntur
1014 372 1271 413 titulationes
1294 373 1335 412 in
1358 371 1548 427 psalmis,
1575 378 1720 429 postea
1739 376 1881 414 tamen

335 456 496 482 summa
520 455 653 482 rerum
685 440 817 481 laudis
839 440 934 482 huic
957 442 1113 482 auctori
1137 445 1178 482 et
1199 442 1425 482 institutori
1454 455 1478 482 a
1498 441 1660 484 Christo
1684 454 1883 484 concessa

334 515 409 554 est,
433 515 477 550 ut
499 510 744 564 prophetae,
774 510 856 562 regi
879 513 1000 563 atque
1024 510 1294 564 patriarchae.
1348 509 1404 550 l)e
1428 509 1720 565 inaequalitate
1741 513 1881 551 autem

337 578 586 633 psalmorum
599 578 827 619 secundum
837 578 1051 619 historiam
1069 580 1136 632 qui
1151 579 1410 633 interpretati
1423 582 1520 619 sunt
1535 578 1744 621 ⁹auctores
1757 579 1878 619 1⁰stu-

332 647 579 699 ‹lios-issum,
602 647 676 688 hoc
699 646 906 700 dixerunt,
928 646 1035 701 quod
1058 661 1179 702 saepe
1198 648 1400 687 existente
1418 648 1655 702 captivitate
1672 648 1715 688 in
1731 646 1878 689 Iudae-

331 730 446 757 orum
471 715 619 770 populo
641 730 663 756 a
684 715 909 766 gentilibus
932 721 1096 771 propter
1118 715 1413 767 idololatriam,
1435 716 1530 770 quia
1551 729 1645 758 cum
1665 714 1747 756 illis
1770 714 1878 756 cole-

334 784 431 825 bant
456 784 591 825 ludaei
615 791 655 824 et
685 784 807 836 idola,
830 784 964 825 ¹¹inde
993 784 1084 825 his-'⁸
1107 786 1231 824 etiam
1257 785 1484 838 scripturae
1509 783 1671 826 divinae
1695 785 1878 838 inquire-

332 853 481 894 bantur
503 858 543 893 et
566 853 913 894 comburebantur
943 868 967 893 a
988 853 1200 902 gentibus:
1234 854 1266 893 si
1301 854 1391 907 quis
1423 857 1562 893 autem
1589 851 1878 894 abscondisset

330 922 378 963 de
403 921 572 977 psalmis
594 921 764 975 aliquid,
786 923 987 963 existente
1007 935 1105 976 pace
1124 920 1387 976 postmodum
1404 920 1719 975 requirebantur
1734 935 1759 962 a
1773 934 1877 976 pau-

329 992 388 1031 cis
411 993 566 1032 sanctis
589 990 758 1032 eaedem
780 990 943 1031 divinae
967 992 1211 1045 scripturae,
1233 1003 1408 1044 cumque
1432 991 1737 1043 invenirentur,
1766 990 1876 1031 acci-

331 1061 489 1114 pientes
517 1065 659 1115 postea
687 1061 755 1114 qui
788 1063 906 1099 erant
937 1059 1004 1100 illo
1037 1063 1221 1113 tempore
1254 1060 1463 1113 sapientes
1497 1057 1634 1113 ¹²quia
1654 1072 1737 1100 non
1759 1061 1876 1099 erant

327 1128 551 1184 prophetae
574 1130 669 1179 iam,
691 1127 763 1169 sed
786 1127 1043 1179 sacerdotes,
1064 1129 1211 1169 timore
1235 1127 1408 1168 detenti¹
1430 1128 1545 1168 iuxta
1565 1126 1675 1181 quod
1695 1128 1874 1182 accipie-

327 1196 428 1238 bant
447 1212 472 1237 a
493 1197 762 1251 quibusdam,
792 1198 851 1237 ita
881 1196 1187 1251 componebant
1217 1200 1258 1237 et
1288 1200 1446 1237 textum
1475 1194 1728 1251 psalmorum
1756 1199 1799 1238 et
1817 1197 1877 1237 ita

327 1265 468 1306 ordine
492 1268 641 1321 exponi
665 1265 874 1307 iubebant.
909 1265 1016 1306 ¹³Sic
1038 1278 1132 1317 ergo
1155 1264 1385 1306 secundum
1402 1265 1615 1307 historiam
1638 1264 1874 1320 ¹“inaequa-

327 1334 468 1386 litatis,
490 1342 535 1376 ut
557 1334 750 1375 dixerunt
769 1333 904 1385 multi,
928 1347 1053 1374 causa
1073 1333 1174 1374 haec
1197 1347 1286 1374 esse
1309 1332 1482 1375 videtur.
1527 1332 1634 1375 Nam
1655 1333 1764 1388 quod
1785 1334 1872 1389 spi-

327 1403 456 1444 ritalis
472 1405 512 1444 in
531 1405 540 1443 i
546 1418 621 1458 psa
638 1401 930 1456 inaequalitate
950 1401 1202 1457 psalmorum
1216 1403 1295 1443 ¹⁵et
1310 1401 1493 1456 aequalis
1506 1402 1560 1443 sit
1570 1401 1723 1444 Christi
1736 1403 1872 1444 scien-

325 1474 382 1512 tia
405 1471 705 1523 cognoscenda,
728 1472 996 1512 manifestum
1019 1475 1082 1511 est
1110 1471 1326 1523 studiosis,
1356 1475 1401 1511 ut
1430 1469 1538 1525 quod
1567 1474 1631 1512 est
1650 1471 1692 1512 in
1712 1471 1872 1526 primis,

323 1541 399 1582 hoc
423 1542 477 1581 sit
498 1545 539 1581 et
561 1542 602 1581 in
625 1540 759 1582 medio
784 1539 833 1581 de
856 1539 1018 1581 Christo
1041 1539 1200 1592 itidem,
1221 1545 1263 1580 et
1283 1539 1392 1594 quod
1412 1543 1500 1580 erat
1514 1543 1660 1594 postea
1673 1540 1872 1593 futurum,

324 1610 373 1651 de
397 1608 542 1651 eodem
563 1609 836 1650 antedictum
858 1610 913 1650 sit
930 1608 1128 1662 ubique¹¹¹.
1163 1608 1339 1663 Ideoque
1363 1607 1653 1663 ¹⁶apostolus¹¹,
1685 1606 1870 1652 Chinatm

323 1678 412 1720 lieri
432 1687 468 1719 et
490 1679 621 1731 hodie,
645 1680 730 1733 ipso
755 1686 792 1719 et
814 1680 855 1719 in
877 1678 1030 1730 secula,
1052 1678 1207 1731 inquit,
1235 1677 1479 1719 seculorum.
1526 1675 1631 1718 Nam
1652 1677 1762 1732 quod
1782 1679 1868 1733 spi-

322 1747 431 1788 ritali
454 1749 604 1788 virtute
628 1746 726 1787 dieti
749 1747 834 1787 sint
850 1746 998 1800 psalmi
1021 1760 1103 1788 non
1125 1750 1188 1787 est
1205 1745 1390 1799 dubium,
1411 1750 1458 1786 ut
1477 1744 1585 1800 quod
1601 1749 1696 1788 ante
1712 1746 1868 1788 factum

322 1821 386 1856 est
408 1830 478 1871 per
501 1815 712 1857 diabolum
734 1815 783 1856 (le
805 1816 1017 1869 impietate
1041 1814 1242 1856 idolorum
1252 1823 1281 1868 ⁰,
1303 1814 1378 1857 hoc
1400 1818 1441 1855 et
1462 1813 1538 1856 sub
1558 1813 1722 1856 Iudaeis
1744 1814 1868 1858 sedu-

321 1886 456 1926 ctione
489 1886 577 1925 eius
610 1885 879 1926 commissum
909 1884 1069 1925 facinus
1100 1887 1420 1936 monstraretur,
1451 1886 1493 1924 et
1522 1882 1631 1938 quod
1660 1884 1792 1938 ipsius
1813 1884 1869 1925 sit

321 1955 446 1994 etiam
467 1953 769 1994 haereticorum
791 1954 1040 2006 perversitas
1072 1954 1114 1994 in
1137 1953 1216 1994 fine
1238 1951 1532 2007 pullulantium
1553 1951 1763 2006 quotidie?
1783 1966 1866 1996 non

319 2023 480 2074 ignorat
501 2021 677 2062 ecclesia
700 2020 953 2062 “catholica

89 2105 154 2134 cap.
175 2104 295 2128 mxxi.
405 2089 511 2131 Sunt
531 2090 728 2131 haeretici
750 2091 955 2130 contraria
976 2091 1226 2143 sentientes,
1254 2089 1382 2132 ¹libro
1406 2089 1612 2131 Geneseos
1638 2089 1772 2145 ²qu0d
1793 2089 1864 2132 do-

28 2147 105 2179 (CW
132 2149 293 2180 enlm>
319 2160 456 2200 minus
480 2158 631 2200 dixerit
651 2157 703 2199 ad
725 2157 847 2210 Cain,
884 2158 1094 2211 peccasti,
1122 2159 1303 2214 quiesce,
1331 2158 1389 2200 ad
1407 2165 1444 2200 te
1459 2159 1667 2201 conversio
1688 2165 1808 2212 tua’,
1828 2166 1866 2202 et

854 2259 903 2293 10.
922 2259 1171 2293 studiodissimi
1189 2260 1232 2293 A.
1305 2259 1356 2293 ll.
1377 2259 1480 2305 inque
1501 2258 1554 2293 his
1579 2258 1659 2304 (hiis
1677 2259 1761 2305 Ba.)
1784 2259 1865 2294 libri

882 2304 931 2338 13.
957 2305 994 2338 Si
1016 2306 1060 2338 A.
1133 2305 1185 2340 14.
1216 2305 1443 2350 inaequalitas
1462 2305 1508 2338 A.
1579 2304 1631 2340 15.
1653 2309 1689 2340 et
1707 2305 1864 2351 aequalis

936 2350 987 2385 1⁴5.
1006 2351 1184 2396 apostolus
1201 2351 1249 2385 ait
1265 2352 1309 2386 A.
1375 2350 1425 2384 17.
1442 2351 1567 2396 quippe
1583 2350 1752 2386 catholica
1765 2361 1862 2398 prae-

408 2262 438 2294 9.
457 2264 610 2294 auctores
629 2272 688 2293 om.
707 2259 780 2292 abc.

317 2318 436 2339 omnes.
509 2305 559 2338 1‘2.
582 2305 664 2350 quia
679 2317 740 2339 0711.
763 2304 808 2337 A.

317 2353 362 2385 sit
384 2352 428 2385 Α.
451 2351 639 2396 aequalitas
664 2350 709 2384 sit
731 2351 861 2394 reliqui.

315 2398 434 2431 dicans
451 2398 496 2430 A.

405 2442 487 2488 Cap.
506 2442 666 2477 CXXXI.
692 2445 725 2474 in
749 2454 802 2474 ac.
819 2443 1015 2486 inscriptum
1033 2449 1082 2475 est
1101 2442 1274 2476 Haamzsrs
1295 2454 1341 2476 na
1365 2452 1525 2477 peccaro
1547 2451 1652 2484 cam„
1668 2444 1705 2476 in
1721 2443 1752 2479 b.
1774 2454 1861 2478 nan-

315 2500 410 2523 nasrs
434 2500 478 2522 m:
504 2500 548 2521 ao
571 2499 665 2526 Qvoo
691 2497 823 2522 nrcrvu
846 2498 907 2521 Esr
931 2497 1011 2522 cam
1036 2499 1078 2521 rv
1101 2499 1338 2523 nonmamzms
1361 2499 1485 2523 11.1.1vs.
1513 2508 1556 2514 —
1598 2488 1626 2523 1.
1648 2488 1684 2524 in
1704 2488 1793 2524 libro
1814 2489 1860 2524 A.

316 2534 346 2570 2.
365 2534 455 2580 quod
475 2534 563 2567 Aah.
583 2545 650 2579 quo
670 2533 731 2566 Be.

358 2637 391 2671 k.
424 2636 501 2671 inde
518 2635 586 2679 his]
611 2636 701 2670 Olim
717 2636 897 2681 placuerat
914 2638 945 2667 iu
965 2637 1054 2676 aliis,

315 2682 346 2716 h.
365 2694 393 2716 e.
410 2683 498 2716 inter
514 2682 599 2716 alias
616 2693 681 2716 res.
712 2680 953 2715 Anacoluthon
970 2691 1054 2715 sane

313 2729 380 2762 tale
398 2732 451 2762 est
473 2728 573 2773 quale
596 2738 639 2761 ne
661 2727 697 2760 in
721 2726 785 2760 hoc
805 2726 948 2772 q'm'dem
973 2727 1052 2760 scri-

312 2779 409 2818 ptore
437 2773 611 2819 expectari
642 2776 702 2806 aut
731 2773 812 2807 ferri
839 2783 942 2818 posse
974 2783 1050 2806 cen-

1128 2635 1273 2679 ,,Ἰησοῦς
1290 2622 1425 2681 Χ’ριστὀς
1447 2634 1522 2681 χθὲς
1539 2635 1592 2668 καὶ
1609 2636 1749 2715 eppa-:pov
1766 2634 1785 2670 ὅ
1800 2636 1858 2671 αὖ·

1125 2681 1178 2721 τὀς
1195 2682 1247 2715 καὶ
1261 2680 1301 2720 εἰς
1319 2681 1392 2721 τοὺς
1409 2679 1557 2720 αἰῶνας.”
1605 2684 1622 2723 (
1653 2686 1678 2724 .)

1167 2739 1198 2763 0.
1225 2727 1266 2761 de
1289 2728 1337 2761 im
1362 2728 1463 2761 ietate
1483 2726 1667 2772 idolorum]
1691 2727 1858 2771 Ethnicis,

1119 2772 1254 2807 Iudaeis
1278 2778 1311 2807 et
1332 2739 1509 2807 ll'aereticis
1533 2773 1728 2818 oppositam
1749 2775 1857 2809 coele-

312 2831 460 2853 seamuS.

356 2866 378 2898 l.
402 2865 527 2899 timore
544 2863 685 2907 detenti]
718 2863 789 2897 Hoc
812 2867 865 2897 est
885 2864 1052 2908 religione

312 2910 569 3001 deffintliibique]
609 2954 666 2990 Sic
683 2954 774 2989 infra
789 2966 822 3000 p.
840 2954 917 2990 286.
946 2955 1001 2998 [H.
1019 2965 1048 2989 e.

312 3012 340 3034 e.
362 3001 449 3044 135]
499 3002 573 3043 (F.)

367 3058 402 3082 n.
424 3047 575 3094 Ideoque
586 3046 777 3094 apostolus]
794 3045 897 3084 Hebr.
911 3045 1046 3082 XHLS.

1120 2822 1208 2852 stem
1224 2829 1264 2852 ac
1278 2829 1395 2853 veram
1415 2817 1518 2852 fidem
1541 2828 1563 2851 a
1576 2818 1724 2861 Davide,
1745 2818 1857 2853 Phila-

1121 2864 1223 2897 strius
1241 2874 1344 2909 supra
1359 2874 1431 2909 cap.
1451 2862 1523 2897 126.
1540 2873 1585 2897 ex
1595 2863 1716 2909 primis
1730 2865 1858 2910 psalmi

1120 2909 1222 2953 primi
1243 2910 1356 2943 verbis
1373 2908 1565 2950 annotavit,
1587 2909 1630 2943 ad
1654 2920 1744 2954 quae
1758 2921 1856 2957 prae-

1119 2955 1207 2989 senti
1224 2955 1327 2989 etiam
1344 2955 1419 2989 loco
1434 2954 1583 3000 respicit.
1631 2955 1704 2998 (F.)

1164 2999 1434 3082 1
1483 3000 1853 3091 saeratae]
